
@article{bhatnagar_influence_1979,
	title = {Influence of water content and soil properties on unsaturated hydraulic conductivity of some red and black soils},
	volume = {142},
	abstract = {- p. 102 Tab. 1: [measurements of saturated hydraulic conductivity of soils]},
	pages = {99--108},
	journaltitle = {Zeitschrift für Pflanzenernährung und Bodenkunde},
	author = {Bhatnagar, D. and Nagarajarao, Y. and Gupta, R. P.},
	date = {1979},
	keywords = {[soil hydrological properties]},
	file = {Attachment:/home/renke/.mozilla/firefox/37gr4plg.default/zotero/storage/WAVDX673/Bhatnagar_et_al_1979.pdf:application/pdf}
}

@article{bredemeier_fast_2015,
	title = {Fast growing plantations for wood production – integration of ecological effects and economic perspectives},
	volume = {3},
	doi = {10.3389/fbioe.2015.00072},
	abstract = {S. 1: Artikel behandelt Effekte von {KUP} auf Grundwasserneubildung},
	journaltitle = {Frontiers in Bioengineering and Biotechnology},
	author = {Bredemeier, Michael and Busch, Gerald and Hartmann, Linda and Jansen, Martin and Richter, Falk and Lamersdorf, Norbert P.},
	date = {2015},
	keywords = {energy wood plantations, integrated landscape assessment, Modelling, nitrogen leaching, short rotation coppice, water budget},
	file = {Attachment:/home/renke/.mozilla/firefox/37gr4plg.default/zotero/storage/WECH2ZKK/Bredemeier_et_al_2015.pdf:application/pdf}
}

@book{burden_numerical_1993,
	location = {Boston, {MA}, {USA}},
	edition = {5},
	title = {Numerical Analysis},
	abstract = {p. 239: [explanation of Euler’s method] p. 239: - object of Euler’s method: obtain an approximation to the following well posed initial value problem: dy/dt = f(t, y), a{\textless}= t {\textless}= b, y(a) = alpha - actually, a continuous approximation to the solution y(t) will not be obtained; - instead, approximations to y will be generated at various values, called mesh points, in the interval [a, b]; - once the approximate solution is obtained at the points, the approximate solution at other points in the interval can be obtained by interpolation - we make the stipulation that the mesh points are equally distributed throughout the interval [a, b]; - this can be ensured by choosing a positive integer N and selecting the mesh points \{t0, t1, t2, ..., {tN}\} where ti = a + ih, for each i = 0, 1, 2, ..., N - the common distance between the points, h = (b - a)/N, is called the step size},
	author = {Burden, Richard L. and Faires, J. Douglas},
	date = {1993},
	keywords = {[numerics]}
}

@article{caldwell_hydraulic_1998,
	title = {Hydraulic lift: consequences of water efflux from the roots of plants},
	volume = {113},
	abstract = {ganzer Artikel: hydraulic lift existiert},
	pages = {151--161},
	journaltitle = {Oecologia},
	author = {Caldwell, Martyn M. and Dawson, Todd E. and Richards, James H.},
	date = {1998},
	keywords = {Hydraulic Lift, Nutrient acquisition, Plant roots, Plant water uptake, Water relations and water use},
	file = {Attachment:/home/renke/.mozilla/firefox/37gr4plg.default/zotero/storage/PV4CZ2NV/Caldwell_et_al_1998.pdf:application/pdf}
}

@article{celia_general_1990,
	title = {A General Mass-Conservative Numerical Solution for the Unsaturated Flow Equation},
	volume = {26},
	abstract = {- S. 1483: numerische Lösungen auf Basis der gemischten Form (?) der Richards-Gleichung sind konservativ (d.h. Massen bleiben erhalten), liefern aber nicht notwendigerweise gute Resultate - S. 1483: die genaue Lösung der Gleichung für ungesättigten Fluss erfordert eine diagonale Massen- (oder Zeit-) Matrix - S. 1483: eine korrekte Handhabung der Ableitung nach der Zeit ist zwingend notwendig für die numerische Lösung des ungesättigten Flusses - S. 1484: bei der Simulation von Infiltration in trockenen Boden erzeugen Näherungen auf Basis finiter Elemente trotz Massenerhaltung stark schwankende Lösungen - S. 1494: wenn die finite Elemente-Methode zur Modellierung von ungesättigtem Fluss verwendet wird, sollte sie zusammen mit einer Klumpungsprozedur für die Zeitmatrix verwendet werden - S. 1495: die schlechte Leistung von Lösungen auf Basis konsistenter finiter Elemente beruhen auf dem Verlust von Monotonität, welcher seinerseits vom Versagen, dem Maximum-Prinzip zu genügen, herrührt},
	pages = {1483--1496},
	journaltitle = {Water Resources Research},
	author = {Celia, Michael A. and Boulout, Efthimios T. and Zarba, Rebecca L.},
	date = {1990},
	keywords = {Modelling},
	file = {Attachment:/home/renke/.mozilla/firefox/37gr4plg.default/zotero/storage/7WKDF9R2/Celia_et_al_1990.pdf:application/pdf}
}

@article{dawson_hydraulic_1993,
	title = {Hydraulic lift and water use by plants: implications for water balance, performance and plant-plant interactions},
	volume = {95},
	abstract = {ganzer Artikel: Ergebnisse sprechen für hydraulic lift},
	pages = {565--574},
	journaltitle = {Oecologia},
	author = {Dawson, Todd E.},
	date = {1993},
	keywords = {Hydraulic Lift, Roots, Soil and leaf water potential, Stable hydrogen isotopic composition, Stomatal conductance},
	file = {Attachment:/home/renke/.mozilla/firefox/37gr4plg.default/zotero/storage/G34NACZM/Dawson_1993.pdf:application/pdf}
}

@article{emerman_hydraulic_1996,
	title = {Hydraulic lift and its influence on the water content of the rhizosphere: an example from sugar maple, \emph{Acer saccharum}},
	volume = {108},
	abstract = {S. 273: Artikel befasst sich mit hydraulic lift bei Acer saccharum},
	pages = {273--278},
	journaltitle = {Oecologia},
	author = {Emerman, Steven H. and Dawson, Todd E.},
	date = {1996},
	keywords = {Hydraulic Lift, Roots, Soil water content, Stable hydrogen isotope composition, Sugar maple},
	file = {Attachment:/home/renke/.mozilla/firefox/37gr4plg.default/zotero/storage/22374SR6/Emerman_Dawson_1996.pdf:application/pdf}
}

@article{genuchten_closed-form_1980,
	title = {A Closed-form Equation for Predicting the Hydraulic Conductivity of Unsaturated Soils},
	volume = {44},
	abstract = {- p. 892: h is the pressure head},
	pages = {892--898},
	journaltitle = {Soil Science Society of America Journal},
	author = {Genuchten, M. Th van},
	date = {1980},
	keywords = {[soil hydrology theory]},
	file = {Attachment:/home/renke/.mozilla/firefox/37gr4plg.default/zotero/storage/WKQR4P32/van_Genuchten_1980.pdf:application/pdf}
}

@article{ghazavi_hedgerow_2008,
	title = {Hedgerow impacts on soil-water transfer due to rainfall interception and root-water uptake},
	volume = {22},
	doi = {10.1002/hyp.7081},
	abstract = {S. 4723: Artikel befasst sich mit der Niederschlagsinterzeption von Hecken, deren Einfluss auf das Bodenwasserpotential sowie auf die Grundwasserdynamik.},
	pages = {4723--4735},
	journaltitle = {Hydrological Processes},
	author = {Ghazavi, G. and Thomas, Z. and Hamon, Y. and Marie, J. C. and Corson, M. and Merot, P.},
	date = {2008},
	keywords = {groundwater dynamic, hedgerow network, rainfall interception, root distribution, soil-water potential},
	file = {Attachment:/home/renke/.mozilla/firefox/37gr4plg.default/zotero/storage/RFFEQNIU/Ghazavi_et_al_2008.pdf:application/pdf}
}

@book{grosmann_numerical_2007,
	location = {Berlin and others},
	title = {Numerical treatment of partial differential equations},
	author = {Großmann, Christian and Roos, Hans-Görg},
	date = {2007},
	keywords = {finite differences method, numerical}
}

@article{hao_hydraulic_2010,
	title = {Hydraulic lift in \emph{Populus euphratica} Oliv. from the desert riparian vegetation of the Tarim River Basin},
	volume = {74},
	doi = {10.1016/j.jaridenv.2010.01.005},
	abstract = {S. 905: Die Saftflussgeschwindigkeit in Wurzeln während des hydraulic lifts wird u.a. durch das Sättigungsdampfdruckdefizit gesteuert. S. 908 f.: Ergebnisse belegen, dass Populus euphratica zu hydraulic lift fähig ist},
	pages = {905--911},
	journaltitle = {Journal of Arid Environments},
	author = {Hao, Xingming and Chen, Yaning and Li, Weihong and Guo, Bin and Zhao, Ruifeng},
	date = {2010},
	keywords = {Arid regions, Hydraulic Lift, Hydraulic redistribution, Root sap flow, Soil water content},
	file = {Attachment:/home/renke/.mozilla/firefox/37gr4plg.default/zotero/storage/FVM8R9K6/Hao_et_al_2010.pdf:application/pdf}
}

@article{hartwich_impact_2014,
	title = {Impact of short-rotation coppice on water and land resources},
	volume = {39},
	doi = {10.1080/02508060.2014.959870},
	abstract = {p. 814 ff.: „Hydrological aspects of {SRC} cultivation“ p. 815: poplar and willow roots grow up to depths of 2 m p. 818: „Efficiency from a land- and water-use perspective“},
	pages = {813--825},
	journaltitle = {Water International},
	author = {Hartwich, Jens and Bölscher, Jens and Schulte, Achim},
	date = {2014},
	keywords = {bioenergy, biomass, environmental management, short-rotation coppice, water balance},
	file = {Attachment:/home/renke/.mozilla/firefox/37gr4plg.default/zotero/storage/BV64VG3C/Hartwich_et_al_2014.pdf:application/pdf}
}

@article{haverkamp_comparison_1977,
	title = {Comparison of numerical-simulation models for one-dimensional infiltration},
	volume = {41},
	pages = {285--294},
	author = {Haverkamp, R. and Vauclin, M. and Touma, J. and Wierenga, P. and Vachaud, G.},
	date = {1977},
	keywords = {[numerics]}
}

@book{hillel_environmental_1998,
	location = {San Diego and London and Boston and New York and Sydney and Tokyo and Toronto},
	title = {Environmental Soil Physics},
	abstract = {S. 38: Bodenwasser, Oberflächenspannung: Kugeln haben von den möglichen geometrischen Körpern die geringste Oberfläche pro Volumen. Daher nehmen Wassertropfen, die in Kontakt mit der Luft sind, Kugelform an. S. 42 ff.: Bodenwasser, Oberflächenspannung, Kontaktwinkel S. 44 ff.: Bodenwasser, Kapillarkräfte S. 142 f.: Bodenwasser, Potential, Wasserfluss: Wasserfluss im Boden beruht auf Unterschieden hinsichtlich der potentiellen Energie von Wasser an unterschiedlichen Punkten im Boden. Das Wasser fließt dabei von Punkten höherer potentieller Energie zu Punkten geringerer potentieller Energie. Der Potentialgradient ist die treibende Kraft hinter dem Wasserfluss im Boden. Diese Kraft ist gleich dem negativen Potentialgradienten (-{dPsi}/dx), d.h. gleich der Veränderung des Potentials Psi über die Distanz x. S. 144 Formel 6.13: Bodenwasser, Potential, Komponenten, Formel: Psit = Psig + Psip + Psio + … Psit: Gesamtpotential Psig: gravimetrisches Potential Psip: Druckpotential Psio: osmotisches Potential S. 147 Formel 6.23: Bodenwasser, gravimetrisches Potential, Formel: Psig,v = rhow * g * z Psig,v: gravimetrisches Potential pro Volumeneinheit rhow: Dichte von Wasser g: Erdbeschleunigung z: Entfernung zur Referenzebene Das gravimetrische Potential hängt ausschließlich von der relativen Höhe des betrachteten Punktes gegenüber der Referenzebene ab. S. 149: Bodenwasser, Matrixpotential: Das Matrixpotential setzt sich aus den Efffekten des kapillaren Aufstiegs und der Adsorption von Wasser an die Bodenmatrix zusammen. S. 149 f.: Bodenwasser, Druckpotential, Matrixpotential: Nach einer Konvention kann ein Boden nur entweder ein (positives) Druck- oder ein (negatives) Matrixpotential aufweisen. Demnach weist ein gesättigter Boden stets ein Druck-, ein ungesättigter hingegen stets ein Matrixpotential auf. Diese Betrachtungsweise gestattet es, das Feuchtigkeitsprofil eines Bodens als ein durchgehendes [aber nicht gleichförmiges] Potential, das den gesättigten wie den ungesättigten Teil des Bodens umfasst, zu betrachten. S. 150: Bodenwasser, pneumatisches Potential: Neben den genannten Faktoren kann der Druck von Bodenwasser auch durch den Druck der Umgebungsluft beeinflusst werden. Dieser Effekt ist aber i.d.R. vernachlässigbar. S. 151: Bodenwasser, osmotisches Potential: Das osmotische Potential beeinflusst den Wasserfluss im Boden nicht signifikant. S. 176: Bodenwasser, gesättigtes Fließen: Die Erfahrung lehrt, dass die (horizontale) Durchflussrate durch eine gesättigte Bodensäule direkt proportional zur Oberfläche des Säulenquerschnitts und zur Differenz in der hydraulischen Höhe und umgekehrt proportional zur Länge der Bodensäule [s. Abb. hillel\_gesaettigtes\_flieszen] ist. S. 177: Bodenwasser, gesättigtes Fließen, hydraulische Leitfähigkeit: Die Differenz in der hydraulischen Höhe pro Längeneinheit in Richtung des Wasserflusses ist der hydraulische Gradient. Dieser Gradient ist die treibende Kraft hinter dem Wasserfluss. Der Wasserfluss ist proportional zu diesem hydraulischen Gradienten. Der Proportionalitätsfaktor wird „hydraulische Leitfähigkeit“ genannt. S. 177 Formel 7.5: Bodenwasser, gesättigtes Fließen, Darcy-Gesetz, Formel: q = K {deltaH}/L q: Wasserfluss K: hydraulische Leitfähigkeit {deltaH}: Differenz in der hydraulischen Höhe L: Länge der Bodensäule in Richtung des Wasserflusses S. 179 Formel 7.7: Bodenwasser, gesättigtes Fließen, Darcy-Gesetz, Formel: In einem eindimensionalen System nimmt das Darcy-Gesetz folgende Form an: q = -K {dH}/dx q: Wasserfluss K: hydraulische Leitfähigkeit {dH}/dx: Gradient der hydraulischen Höhe in Richtung des Wasserflusses S. 177: Bodenwasser, gesättigtes Fließen: In einer vertikalen Bodensäule wirkt neben dem Druck auch die Gravitation. Demnach ergibt sich die gesamte hydraulische Höhe aus der Summe der Druckhöhe und der hydraulischen Höhe auf Basis der Gravitation. Die Druckhöhe an einem bestimmten Punkt ergibt sich aus der Höhe der Wassersäule über diesem Punkt. Die hydraulische Höhe auf Basis der Gravitation an einem bestimmten Punkt ergibt sich aus der Distanz zwischen diesem Punkt und einer beliebigen Referenzebene. S. 204: Bodenwasser, ungesättigtes Fließen: In ungesättigten Böden steht Wasser unter einem geringeren als dem atmosphärischen Druck bzw. es ist einem Matrixsog ausgesetzt, welcher gleich einem negativen Druckpotential ist. Der Gradient dieses Potentials treibt [ähnlich wie beim gesättigten Fließen] den Wasserfluss im Boden an. S. 204: Bodenwasser, ungesättigtes Fließen: Wenn der Sog im gesamten Profil einheitlich ist, findet kein Wasserfluss statt. Existiert jedoch ein Soggradient, so fließt das Wasser von Punkt geringeren Matrixsogs zu Punkten höheren Matrixsogs. S. 204: Bodenwasser, gesättigtes Fließen, ungesättigtes Fließen, hydraulische Leitfähigkeit: Der womöglich wichtigste Unterschied zwischen gesättigtem und ungesättigtem Fließen betrifft die hydraulische Leitfähigkeit. Wenn der Boden gesättigt ist, sind alle Poren wassergefüllt und leiten Wasser uneingeschränkt. Der Boden wird von einer durchgehenden flüssigen Phase durchzogen und seine hydraulische Leitfähigkeit ist maximal. Sobald der Wassergehalt des Bodens aber abnimmt, verringert sich der Querschnitt durch den Wasser im Boden fließen kann. Zudem entwässern zuerst die Grobporen und somit die Poren mit der [gem. dem Poiseuille-Gesetz] höchsten Leitfähigkeit. Hierdurch steigt zugleich die Tortuosität. S. 205: Bodenwasser, ungesättigtes Fließen, hydraulische Leitfähigkeit: Aufgrund der o [S. 204] g. Gründe sinkt die hydraulische Leitfähigkeit mit steigender Wasserspannung überproportional. S. 205: Bodenwasser, gesättigtes Fließen, ungesättigtes Fließen, hydraulische Leitfähigkeit, Abhängigkeit von Bodenart: Während hinsichtlich gesättigtem Fließen grobkörnige und stark aggregierte Böden eine hohe hydraulische Leitfähigkeit zeigen, ist dies hinsichtlich ungesättigtem Fließen bei tonigen und wenig aggregierten Böden der Fall. [Eine schematische Darstellung der hydraulischen Leitfähigkeit in Abhängigkeit von der Wasserspannung findet sich in Abb. hillel\_leitf\_spannung (von S. 208).] S. 210 f. Formel 8.2 bis 8.4: Bodenwasser, ungesättigtes Fließen, Kontinuitätsgleichung, Formel: Die Kontinuitätsgleichung [für die Formeln s. Hillel 1998] besagt, dass in einem abgeschlossenen System die Diffferenz zwischen hinein- und herausfließendem Wasser gleich der Veränderung der Menge des im System gespeicherten Wassers sein muss. [Zur Veranschaulichung s. Abb. hillel\_kontingleichung (von S. 211).] S. 212 Formel 8.11: Bodenwasser, ungesättigtes Fließen, Richards-Gleichung: Die Richards-Gleichung verbindet die Kontinuitätsgleichung und das Darcy-Gesetz und berücksichtigt gleichzeitig die Abhängigkeit der hydraulischen Leitfähigkeit von der Wasserspannung.},
	author = {Hillel, Daniel},
	date = {1998},
	keywords = {[soil hydrology theory]},
	file = {Attachment:/home/renke/.mozilla/firefox/37gr4plg.default/zotero/storage/X84EWM65/TOC.pdf:application/pdf;Attachment:/home/renke/.mozilla/firefox/37gr4plg.default/zotero/storage/NBZIUA68/index.pdf:application/pdf;Attachment:/home/renke/.mozilla/firefox/37gr4plg.default/zotero/storage/FSKP93UQ/chapter21.pdf:application/pdf;Attachment:/home/renke/.mozilla/firefox/37gr4plg.default/zotero/storage/ARSA2I75/chapter20.pdf:application/pdf;Attachment:/home/renke/.mozilla/firefox/37gr4plg.default/zotero/storage/ZZ73VSMD/chapter19.pdf:application/pdf;Attachment:/home/renke/.mozilla/firefox/37gr4plg.default/zotero/storage/3KD36NP6/chapter18.pdf:application/pdf;Attachment:/home/renke/.mozilla/firefox/37gr4plg.default/zotero/storage/U2IJNCCB/chapter17.pdf:application/pdf;Attachment:/home/renke/.mozilla/firefox/37gr4plg.default/zotero/storage/IJ3DKID5/chapter16.pdf:application/pdf;Attachment:/home/renke/.mozilla/firefox/37gr4plg.default/zotero/storage/MQE6T7PM/chapter15.pdf:application/pdf;Attachment:/home/renke/.mozilla/firefox/37gr4plg.default/zotero/storage/JG23U5TP/chapter14.pdf:application/pdf;Attachment:/home/renke/.mozilla/firefox/37gr4plg.default/zotero/storage/WJKGNVZU/chapter13.pdf:application/pdf;Attachment:/home/renke/.mozilla/firefox/37gr4plg.default/zotero/storage/7QBGGH4E/chapter12.pdf:application/pdf;Attachment:/home/renke/.mozilla/firefox/37gr4plg.default/zotero/storage/R9KJSE47/chapter11.pdf:application/pdf;Attachment:/home/renke/.mozilla/firefox/37gr4plg.default/zotero/storage/633K9UUC/chapter10.pdf:application/pdf;Attachment:/home/renke/.mozilla/firefox/37gr4plg.default/zotero/storage/858U82E9/chapter09.pdf:application/pdf;Attachment:/home/renke/.mozilla/firefox/37gr4plg.default/zotero/storage/QV8W3M6A/chapter08.pdf:application/pdf;Attachment:/home/renke/.mozilla/firefox/37gr4plg.default/zotero/storage/A26J3Z4F/chapter07.pdf:application/pdf;Attachment:/home/renke/.mozilla/firefox/37gr4plg.default/zotero/storage/PR76WI7U/chapter06.pdf:application/pdf;Attachment:/home/renke/.mozilla/firefox/37gr4plg.default/zotero/storage/6PAGXTQS/chapter05.pdf:application/pdf;Attachment:/home/renke/.mozilla/firefox/37gr4plg.default/zotero/storage/ACFCR7F8/chapter04.pdf:application/pdf;Attachment:/home/renke/.mozilla/firefox/37gr4plg.default/zotero/storage/G6ATVD6C/chapter03.pdf:application/pdf;Attachment:/home/renke/.mozilla/firefox/37gr4plg.default/zotero/storage/ZGTKTVCF/chapter02.pdf:application/pdf;Attachment:/home/renke/.mozilla/firefox/37gr4plg.default/zotero/storage/8JCDC5UN/chapter01.pdf:application/pdf;Attachment:/home/renke/.mozilla/firefox/37gr4plg.default/zotero/storage/8RU79XEC/Hillel_Environmental_soil_physics.pdf:application/pdf}
}

@book{hinkelmann_efficient_2005,
	location = {Berlin and Heidelberg},
	title = {Efficient Numerical Methods and Information-Processing Techniques for Modeling Hydro- and Environmental Systems},
	abstract = {- [book deals mainly with groundwater flow] - p. 62 ff.: [explanation of finite difference models] - p. 62: "The basic idea of the {FDM} is to substitute the differential quotients by difference quotients. The equations are then put together in an explicit or implicit way […]. Taking into account initial and / or boundary conditions […], the solutions are obtained."},
	author = {Hinkelmann, Reinhard},
	date = {2005},
	keywords = {[numerics]}
}

@book{huckle_numerische_2006,
	location = {Berlin, Heidelberg},
	edition = {2.},
	title = {Numerische Methoden},
	abstract = {- p. 283 ff.: [explanation of the euler method (for the implicit Euler method s. p. 285)] - p. 347 ff.: [explanation of Taylor development]},
	author = {Huckle, Thomas and Schneider, Stefan},
	date = {2006},
	keywords = {[numerics]}
}

@article{jackson_global_1996,
	title = {A global analysis of root distributions for terrestrial biomes},
	volume = {108},
	abstract = {ganzer Artikel: unterschiedliche Pflanzen bilden unterschiedlich tiefe Wurzelsysteme aus},
	pages = {389--411},
	journaltitle = {Oecologia},
	author = {Jackson, R. B. and Canadell, J. and Ehleringer, J. R. and Mooney, H. A. and Sala, O. E. and Schulze, E. D.},
	date = {1996},
	keywords = {Cumulative root fraction, Root biomass, Rooting density, Soil depth, Terrestrial biomes, Wurzeltiefe},
	file = {Attachment:/home/renke/.mozilla/firefox/37gr4plg.default/zotero/storage/U8D45USP/Jackson_et_al_1996.pdf:application/pdf}
}

@article{lier_root_2006,
	title = {Root Water Extraction and Limiting Soil Hydraulic Conditions Estimated by Numerical Simulation},
	volume = {5},
	doi = {10.2136/vzj2006.0056},
	abstract = {- S. 1264: Wurzeldichte, hydraulische Eigenschaften des Bodens und der Wasserspannungsgradient spielen eine wichtige Rolle bei der Bestimmung des kritischen Wassergehaltes, ab dem die Transpiration unter ihr Maximum sinkt - S. 1265: gravitational component is not considered in the root water extraction model proposed in the paper - S. 1268: in soils with low hydraulic conductivity root density is very important for root water extraction (in general: higher root densities are better at maintaining high transpiration rates)},
	pages = {1264--1277},
	journaltitle = {Vadose Zone Journal},
	author = {Lier, Quirijn de Jong van and Metselaar, Klaas and Dam, Jos C. van},
	date = {2006},
	keywords = {Modelling, [numerics], root length density},
	file = {Attachment:/home/renke/.mozilla/firefox/37gr4plg.default/zotero/storage/UZS2DA8X/de_Jong_van_Lier_et_al_2006.pdf:application/pdf}
}

@article{juncu_nonlinear_2010,
	title = {Nonlinear Multigrid Methods for Numerical Solution of the Unsaturated Flow Equation in Two Space Dimensions},
	volume = {83},
	doi = {10.1007/s11242-009-9465-3},
	abstract = {- p. 637: [paper describes the nonlinear solving of the Richards equation in 2D by using a non-linear multigrid that avoids Picard/Newton iterations]},
	pages = {637--652},
	journaltitle = {Transport in Porous Media},
	author = {Juncu, Gheorghe and Nicola, Aurelian and Popa, Constantin},
	date = {2010},
	keywords = {[numerics]},
	file = {Attachment:/home/renke/.mozilla/firefox/37gr4plg.default/zotero/storage/I5HJQ5EK/Juncu_et_al_2010.pdf:application/pdf}
}

@thesis{korres_analysis_2013,
	title = {Analysis of surface soil moisture patterns in an agricultural landscape utilizing measurements and ecohydrological modeling},
	abstract = {[not of interest]},
	institution = {Mathematisch-Naturwissenschaftliche Fakultät der Universität zu Köln},
	type = {Doktor},
	author = {Korres, Wolfgang},
	date = {2013},
	keywords = {[modelling]},
	file = {Attachment:/home/renke/.mozilla/firefox/37gr4plg.default/zotero/storage/Q83E3U83/Korres_2013.pdf:application/pdf}
}

@article{kumar_water_2012,
	title = {Water infiltration influenced by agroforestry and grass buffers for a grazed pasture system},
	volume = {84},
	doi = {10.1007/s10457-011-9474-4},
	abstract = {S. 325: Artikel befasst sich mit dem Einfluss verschiedener Landnutzungsformen auf Niederschlags-Infiltration.},
	pages = {325--335},
	journaltitle = {Agroforestry Systems},
	author = {Kumar, Sandeep and Anderson, Stephen H. and Udawatta, Ranjith P. and Kallenbach, Robert L.},
	date = {2012},
	keywords = {Green-Ampt equation, Parlange equation, Saturated hydraulic conductivity, Sorptivity, van Genuchten water retention parameters},
	file = {Attachment:/home/renke/.mozilla/firefox/37gr4plg.default/zotero/storage/JRCXHEW3/Kumar_et_al_2012.pdf:application/pdf}
}

@incollection{lamersdorf_bodenokologische_2010,
	location = {Berlin},
	title = {Bodenökologische Aspekte von Kurzumtriebsplantagen},
	abstract = {- S. 180: für Deutschland fehlen Daten über den Einfluss von {KUPs} auf den Bodenwasserhaushalt - S. 182: verringerte Grundwasserneubildung unter Pappel-{KUP} verglichen mit Winterweizen},
	booktitle = {{AGROWOOD}. Kurzumtriebsplantagen in Deutschland und europäische Perspektiven},
	author = {Lamersdorf, Norbert and Petzold, Rainer and Schwärгel, Kai and Feger, Karl Heinz and Kästner, Barbara and Moderow, Uta and Knust, Christian Bernhofer und Christine},
	date = {2010},
	keywords = {[short rotation coppice], [soil hydrology]},
	file = {Attachment:/home/renke/.mozilla/firefox/37gr4plg.default/zotero/storage/2IBT9S6I/Lamersdorf_et_al_2010OCR.pdf:application/pdf;Attachment:/home/renke/.mozilla/firefox/37gr4plg.default/zotero/storage/7URVA4GB/Lamersdorf_et_al_2010.pdf:application/pdf}
}

@article{langton_avoiding_1990,
	title = {Avoiding edge effects in agroforestry experiments; the use of neighbour-balanced designs and guard areas},
	volume = {12},
	abstract = {S. 173: Artikel befasst sich mit der Definition verschiedener Arten von Randeffekten von experimentellen Plots, deren Bedeutung in Agroforst-Experimenten sowie Methoden zu deren Eliminierung.},
	pages = {173--185},
	journaltitle = {Agroforestry Systems},
	author = {Langton, S.},
	date = {1990},
	keywords = {agroforestry experiments, edge effects, guard areas, neighbour-balanced designs, statistical analysis},
	file = {Attachment:/home/renke/.mozilla/firefox/37gr4plg.default/zotero/storage/KA3A9AJT/Langton_1990.pdf:application/pdf}
}

@article{lee_root_2005,
	title = {Root functioning modifies seasonal climate},
	volume = {102},
	doi = {10.1073/pnas.0508785102},
	abstract = {S. 17576: Die Einbeziehung von hydraulic lift in atmosphärische Modelle hat erheblichen Einfluss auf die modellierte Photosynthese und Evapotranspiration.},
	pages = {17576--17581},
	journaltitle = {Proceedings of the National Academy of Sciences of the United States of America},
	author = {Lee, Jung Eun and Oliveira, Rafael S. and Dawson, Todd E. and Fung, Inez},
	date = {2005},
	keywords = {Amazon, evapotranspiration, Hydraulic Lift, Hydraulic redistribution},
	file = {Attachment:/home/renke/.mozilla/firefox/37gr4plg.default/zotero/storage/Q7ADT9CI/Lee_et_al_2005.pdf:application/pdf}
}

@article{mehl_use_2006,
	title = {Use of Picard and Newton Iteration for Solving Nonlinear Ground Water Flow Equations},
	volume = {44},
	doi = {10.1111/j.1745-6584.2006.00207.x},
	abstract = {p. 586: description of Picard iteration},
	pages = {583--594},
	journaltitle = {Ground Water},
	author = {Mehl, Steffen},
	date = {2006},
	keywords = {[numerics]},
	file = {Attachment:/home/renke/.mozilla/firefox/37gr4plg.default/zotero/storage/WGKENBBH/Mehl_2006.pdf:application/pdf}
}

@article{mendel_better_2002,
	title = {On a better understanding of hydraulic lift: A numerical study},
	volume = {38},
	doi = {10.1029/2001WR000911},
	abstract = {S. 1: Die Ergebnisse stützen die These, dass hydraulic lift ein ausschließlich hydraulischer Prozess ohne osmotische Komponente ist.},
	journaltitle = {Water Resources Research},
	author = {Mendel, M. and Hergarten, S. and Neugebauer, H. J.},
	date = {2002},
	keywords = {Hydraulic Lift, Modelling, optimizing strategy, Plant roots, Richards equation, water uptake},
	file = {Attachment:/home/renke/.mozilla/firefox/37gr4plg.default/zotero/storage/7QN4B6G2/Mendel_et_al_2002.pdf:application/pdf}
}

@article{noorduijn_water_2010,
	title = {Water table response to an experimental alley farming trial: dissecting the spatial and temporal structure of the data},
	volume = {20},
	abstract = {S. 1704: Artikel befasst sich mit der Auswertung von zeitlich und räumlich komplexen Daten mittels {PCNM} (principal coordinates of neighbor matrices) und {RDA} (canonical redundancy analysis)},
	pages = {1704--1720},
	journaltitle = {Ecological Applications},
	author = {Noorduijn, S. L. and Ghadouani, A. and Vogwill, R. and Smettem, K. R. J. and Legendre, P.},
	date = {2010},
	keywords = {agroforestry, alley farming, principal coordinates of neighbor matrices, salinity, tree belt, variation partitioning, water logging, water table dynamics, Western Australia},
	file = {Attachment:/home/renke/.mozilla/firefox/37gr4plg.default/zotero/storage/IA6U56A6/Noorduijn_et_al_2010.pdf:application/pdf}
}

@article{ong_treecrop_2002,
	title = {Tree\textendash{}crop interactions: manipulation of water use and root function},
	volume = {53},
	abstract = {S. 171: Artikel befasst sich mit möglichen Maßnahmen zur Verhinderung von Wurzelkonkurrenz in Agroforstsystemen},
	pages = {171--186},
	journaltitle = {Agricultural Water Management},
	author = {Ong, C. K. and Wilson, J. and Deans, J. D. and Mulayta, J. and Raussen, T. and Wajja-Musukwe, N.},
	date = {2002},
	keywords = {agroforestry, Productivity, Root architecture and function, Sap flow, Semiarid, Water use},
	file = {Attachment:/home/renke/.mozilla/firefox/37gr4plg.default/zotero/storage/STMKJWKU/Ong_et_al_2002.pdf:application/pdf}
}

@article{perrya_impacts_2001,
	title = {Impacts of short-rotation hybrid poplar plantations on regional water yield},
	volume = {143},
	abstract = {S. 143: Artikel befasst sich mit dem modellierten hydrologischen Einfluss von Pappel-{KUPs} auf regionaler Ebene im Vergleich zu Laubmischwald.},
	pages = {143--151},
	journaltitle = {Forest Ecology and Management},
	author = {Perrya, C. Hobart and Millerb, Ryan C. and Brooksc, Kenneth N.},
	date = {2001},
	keywords = {Afforestation, agroforestry, Hydrologic regime, Land use, Short-rotation plantation, Water yield},
	file = {Attachment:/home/renke/.mozilla/firefox/37gr4plg.default/zotero/storage/RBBX8DPW/Perry_et_al_2001.pdf:application/pdf}
}

@incollection{placeholder__2008,
	location = {West Palm Beach, Florida, U.S.A.},
	abstract = {[not of interest]},
	booktitle = {Surface Water Modeling},
	author = {{placeholder}},
	editor = {Huang, Wenrui and Chen, Ching-Jen},
	date = {2008}
}

@incollection{placeholder__2010,
	location = {London and Hoboken, {NJ}},
	abstract = {[deals only with particular software sets]},
	booktitle = {Modeling Software},
	author = {{placeholder}},
	editor = {Tanguy, Jean-Michel},
	date = {2010}
}

@article{pouluvassilis_hysteresis_1975,
	title = {The hysteresis in the relationship between hydraulic conductivity and soil water content},
	volume = {120},
	abstract = {- whole article: [evidence for the hysteretic relationship between water content and hydraulic conductivity]},
	pages = {327--331},
	journaltitle = {Soil Science},
	author = {Pouluvassilis, A. and Tzimas, E.},
	date = {1975},
	keywords = {[soil hydrology theory]},
	file = {Attachment:/home/renke/.mozilla/firefox/37gr4plg.default/zotero/storage/8RKCAD28/Poulovassilis_Tzimas_1975.pdf:application/pdf}
}

@article{radersma_spatial_2004,
	title = {Spatial distribution of root length density and soil water of linear agroforestry systems in sub-humid Kenya: implications for agroforestry models},
	volume = {188},
	doi = {10.1016/j.foreco.2003.07.021},
	abstract = {S. 77: Artikel befasst sich mit dem Zusammenhang zwischen Wurzellängendichte einerseits sowie Wasserpotentialgradient zwischen Wurzel und Boden andererseits und Wasseraufnahme.},
	pages = {77--89},
	journaltitle = {Forest Ecology and Management},
	author = {Radersma, Simone and Ong, Chin K.},
	date = {2004},
	keywords = {agroforestry, root distribution, Simulation models, Water extraction},
	file = {Attachment:/home/renke/.mozilla/firefox/37gr4plg.default/zotero/storage/PG9W8QSV/Radersma_Ong_2004.pdf:application/pdf}
}

@article{ren_incorporating_2004,
	title = {Incorporating Hydraulic Lift into a Land Surface Model and Its Effects on Surface Soil Moisture Prediction},
	volume = {5},
	abstract = {S. 1181 f.: Die Einbeziehung von hydraulic lift in Modelle zur Bestimmung des oberflächennahen Bodenwassergehalts kann zur Verbesserung dieser Modelle beitragen.},
	pages = {1181--1191},
	journaltitle = {Journal of Hydrometeorology},
	author = {Ren, Diandong and Xue, Ming and Henderson-Sellers, Ann},
	date = {2004},
	keywords = {Hydraulic Lift, Modelling},
	file = {Attachment:/home/renke/.mozilla/firefox/37gr4plg.default/zotero/storage/7NDD4THH/Ren_et_al_2004.pdf:application/pdf}
}

@article{renger_ergebnisse_2009,
	title = {Ergebnisse und Vorschläge der {DBG}-Arbeitsgruppe „Kennwerte des Bodengefüges“ zur Schätzung bodenphysikalischer Kennwerte},
	volume = {40},
	abstract = {- S. 23 Tab. 10: van Genuchten-Parameter für verschiedene Bodenarten},
	pages = {4--65},
	journaltitle = {Bodenökologie und Bodengenese},
	author = {Renger, M. and Bohne, K. and Facklam, M. and Harrach, T. and Riek, W. and Schäfer, W. and Wessolek, G. and Zacharias, S.},
	date = {2009},
	keywords = {[soil hydrological properties]},
	file = {Attachment:/home/renke/.mozilla/firefox/37gr4plg.default/zotero/storage/7KUJUJ3B/Renger_et_al_2009.pdf:application/pdf}
}

@article{richter_how_2015,
	title = {How to predict hydrological effects of local land use change: how the vegetation parameterisation for short rotation coppices influences model results},
	volume = {19},
	doi = {10.5194/hess-19-3457-2015},
	abstract = {[wenig konkretes]},
	pages = {3457--3474},
	journaltitle = {Hydrology and Earth System Sciences},
	author = {Richter, F. and Döring, C. and Jansen, M. and Panferov, O. and Spank, U. and Bernhofer, C.},
	date = {2015},
	keywords = {[short rotation coppice]},
	file = {Attachment:/home/renke/.mozilla/firefox/37gr4plg.default/zotero/storage/SRW5IKE6/Richter_et_al_2015.pdf:application/pdf}
}

@article{schlegel_modelling_2004,
	title = {Modelling species and spacing effects on root zone water dynamics using Hydrus-2D in an Amazonian agroforestry system},
	volume = {60},
	abstract = {S. 277: Artikel befasst sich mit der Modellierung des Einflusses verschiedener Baumarten und Baumabständen in Agroforstsystemen auf den Bodenwasserhaushalt in der Wurzelzone.},
	pages = {277--289},
	journaltitle = {Agroforestry Systems},
	author = {Schlegel, P. and Huwe, B. and Teixeira, W. G.},
	date = {2004},
	keywords = {Bactris gasipaes, Model scenarios, Plant spacing, Pueraria phaseoloides, root distribution, Theobroma grandiflorum},
	file = {Attachment:/home/renke/.mozilla/firefox/37gr4plg.default/zotero/storage/4E3NPFIK/Schlegel_et_al_2004.pdf:application/pdf}
}

@article{schmidt-walter_transpiration_2014,
	title = {Transpiration and water use strategies of a young and a full-grown short rotation coppice differing in canopy cover and leaf area},
	volume = {195-196},
	doi = {10.1016/j.agrformet.2014.05.006},
	abstract = {[wenig konkretes]},
	pages = {165--178},
	journaltitle = {Agricultural and Forest Meteorology},
	author = {Schmidt-Walter, Paul and Richter, Falk and Herbst, Mathias and Schuldt, Bernhard and Lamersdorf, Norbert P.},
	date = {2014},
	keywords = {Canopy conductance, Isohydric, Poplar, Short rotation, Transpiration},
	file = {Attachment:/home/renke/.mozilla/firefox/37gr4plg.default/zotero/storage/ISQD7GB7/Schmidt-Walter_et_al_2014.pdf:application/pdf}
}

@article{sekiya_applying_2011,
	title = {Applying hydraulic lift in an agroecosystem: forage plants with shoots removed supply water to neighboring vegetable crops},
	volume = {341},
	doi = {10.1007/s11104-010-0581-1},
	abstract = {S. 39: Ergebnisse der durchgeführten Experimente beweisen hydraulic lift (wobei von den wasserleitenden Pflanzen die Knospen entfernt wurden) S. 47: Die Entfernung von der wasserleitenden Pflanze, in der hydraulic lift wirksam ist, ist begrenzt (0.2 – 0.3 m vom Zentrum des Plots) [vermutlich abhängig von der Pflanzenart und ihrem Wurzelsystem]. S. 47: Die Studie legt nahe, dass hydraulic lift einen erheblichen Einfluss auf die Produktivität landwirtschaftlicher Nutzpflanzen in Agroforstsystemen haben kann.},
	pages = {39--50},
	journaltitle = {Plant and Soil},
	author = {Sekiya, Nobuhito and Araki, Hideki and Yano, Katsuya},
	date = {2011},
	keywords = {Deeproots, Drought stress, Facilitation, Hydraulic Lift, Intercropping, Positive plant–plant interaction, Sustainable agriculture},
	file = {Attachment:/home/renke/.mozilla/firefox/37gr4plg.default/zotero/storage/MUKUB6B8/Sekiya_et_al_2010.pdf:application/pdf;Sekiya_et_al_2010_supp_m_01.pdf:/home/renke/.mozilla/firefox/37gr4plg.default/zotero/storage/HBUKR7XU/Sekiya_et_al_2010_supp_m_01.pdf:application/pdf;Sekiya_et_al_2010_supp_m_02.pdf:/home/renke/.mozilla/firefox/37gr4plg.default/zotero/storage/E75X9XBA/Sekiya_et_al_2010_supp_m_02.pdf:application/pdf;Sekiya_et_al_2010_supp_m_03.pdf:/home/renke/.mozilla/firefox/37gr4plg.default/zotero/storage/CHVR3TJJ/Sekiya_et_al_2010_supp_m_03.pdf:application/pdf}
}

@article{sekiya_pigeon_2004,
	title = {Do pigeon pea and sesbania supply groundwater to intercropped maize through hydraulic lift? \textemdash{}Hydrogen stable isotope investigation of xylem waters},
	volume = {86},
	doi = {10.1016/j.fcr.2003.08.007},
	abstract = {S. 167: Die Ergebnisse zeigen, dass Cajanus cajan zu hydraulic lift fähig ist, während dies für Sesbania sesban nicht zu gelten scheint.},
	pages = {167--173},
	journaltitle = {Field Crops Research},
	author = {Sekiya, Nobuhito and Yano, Katsuya},
	date = {2004},
	keywords = {agroforestry, Below-ground interaction, Drought avoidance, Hydraulic Lift, Irrigation, Sustainable agriculture, Water relations},
	file = {Attachment:/home/renke/.mozilla/firefox/37gr4plg.default/zotero/storage/7ZE6CSN7/Sekiya_Yano_2004.pdf:application/pdf}
}

@article{siqueira_onset_2008,
	title = {Onset of water stress, hysteresis in plant conductance, and hydraulic lift: Scaling soil water dynamics from millimeters to meters},
	volume = {44},
	doi = {10.1029/2007WR006094},
	abstract = {S. 1: Die Effektivität von hydraulic lift wird scheinbar vorrangig durch die vertikale Verteilung von Wurzeln bestimmt. S. 1: Die Bodenfeuchtestufen, bei denen hydraulic lift am effektivsten ist, werden durch die hydraulischen Eigenschaften des Bodens sowie Surrogate für den atmosphärischen Wasserbedarf bestimmt. S. 2: „Root water uptake induces a radial flow toward rootlets [Mendel et al., 2002]; but the overall rooting depth also interacts with a larger-scale soil moisture variations. Layers populated by roots experience lower soil moisture during a drying cycle thereby inducing upward flow from the deeper soil layers. Hence, at minimum, two flow patterns simultaneously occur at different length scales; the first is at scales comparable to the root zone depth (on the order of meters) and the second at length scales inversely related to root densities (on the order of millimeters). These two spatial scales are referred to as macroscale and mesoscale, respectively [Mendel et al., 2002]. There are numerous fine-scale (microscale) processes oftenentirelyignored with- in the Darcian scale and are not considered here though their importance remains an open research question. Recognizing that both length scales are important in root water uptake, the macroscale impacting mean soil moisture states at longer timescales and the mesoscale capturing the maximum values ofsuctionanddailyhysteresis inrootwateruptake,thesetwo flow patterns have been traditionally modeled independently without any attempt to couple them [Guswa et al., 2004; Mendel et al., 2002; Puma et al., 2005; Sperry et al., 1998; Tuzet et al., 2003].“ S. 2 ff.: Einzelheiten zum Modell},
	pages = {W01432},
	journaltitle = {Water Resources Research},
	author = {Siqueira, M. and Katul, G. and Porporato, A.},
	date = {2008},
	keywords = {Hydraulic Lift, Modelling},
	file = {Attachment:/home/renke/.mozilla/firefox/37gr4plg.default/zotero/storage/ZRHM4FKX/Siqueira_et_al_2008.pdf:application/pdf}
}

@article{smith_hydraulic_2003,
	title = {Hydraulic conductivities of competing root systems of \emph{Grevillea robusta} and maize in agroforestry},
	volume = {251},
	abstract = {S. 343: Artikel befasst sich mit der Frage, ob die Wurzeln unterschiedlicher Arten (hier: Grevillea robusta und Zea mays) unterschiedlich hydraulisch leitfähig sind.},
	pages = {343--349},
	journaltitle = {Plant and Soil},
	author = {Smith, D. M. and Roberts, J. M.},
	date = {2003},
	keywords = {competition for water, fractal branching, {HPFM}, hydraulic conductivity, mixed vegetation, Roots},
	file = {Attachment:/home/renke/.mozilla/firefox/37gr4plg.default/zotero/storage/9DDI2JB6/Smith_Roberts_2003.pdf:application/pdf}
}

@book{spitz_practical_1996,
	location = {New York and Chichester and Brisbane and Toronto and Singapore},
	title = {A Practical Guide to Groundwater and Solute Transport Modeling},
	abstract = {- p. 26: "this book primarily focuses on flow and transport in the saturated zone" [therefore, it largely is not of interest] - p. 17 Table 1.2: [Analogies between the Darcy equation and other equations explaining different kinds of fluxes.] - p. 33 Equation (2.1): Darcy equation q = -K * (delta h) / (delta s) = -K * i q: Darcy flux or specific discharge [m/s] K: hydraulic conductivity [m/s] delta h: head difference [m] [I'm not sure, whether h here refers to pressure head or potentiometric head.] delta s: length [m] i: hydraulic gradient [m/m]},
	author = {Spitz, Karlheinz and Moreno, Joanna},
	date = {1996},
	keywords = {[soil hydrology theory]}
}

@article{tallis_development_2013,
	title = {Development and evaluation of {ForestGrowth}-{SRC} a process-based model for short rotation coppice yield and spatial supply reveals poplar uses water more efficiently than willow},
	volume = {5},
	doi = {10.1111/j.1757-1707.2012.01191.x},
	abstract = {S. 60: Zahlen zum Wasserverbrauch von Pappel und Weiden},
	pages = {53--66},
	journaltitle = {Global Change Biology Bioenergy},
	author = {Tallis, Matthew J. and Casella, Eric and Henshall, Paul A. and Aylott, Matthew J. and Randle, Timothy J. and Morison, James I. L. and Taylor, Gail},
	date = {2013},
	keywords = {bioenergy, evapotranspiration, Populus, Salix, spatial biomass supply, water use efficiency},
	file = {Attachment:/home/renke/.mozilla/firefox/37gr4plg.default/zotero/storage/KP47ZWTF/Tallis_et_al_2012.pdf:application/pdf}
}

@article{wan_hydraulic_2000,
	title = {Hydraulic lift in drought-tolerant and -susceptible maize hybrids},
	volume = {219},
	abstract = {S. 117: Zea mays ist grundsätzlich zu hydraulic lift fähig, wobei sich verschiedene Hybride hinsichtlich ihrer Wasserförderleistung unterscheiden.},
	pages = {117--126},
	journaltitle = {Plant and Soil},
	author = {Wan, Changgui and Xu, Wenwei and Sosebee, Ronald E. and Machado, Stephen and Archer, Tom},
	date = {2000},
	keywords = {drought tolerance, Hydraulic Lift, maize hybrids, Plant roots, Soil water content, {TDR}, Water relations},
	file = {Attachment:/home/renke/.mozilla/firefox/37gr4plg.default/zotero/storage/UNWRUJAK/Wan_et_al_2000.pdf:application/pdf}
}

@article{woo_boundary_2004,
	title = {Boundary and border considerations in hydrology},
	volume = {18},
	doi = {10.1002/hyp.1399},
	abstract = {S. 1185: Artikel befasst sich mit hydrologischen Grenzen und deren Grenzbereichen},
	pages = {1185--1194},
	journaltitle = {Hydrological Processes},
	author = {Woo, Ming-ko},
	date = {2004},
	keywords = {border, boundary, cold region hydrology, edge effect, error, scaling},
	file = {Attachment:/home/renke/.mozilla/firefox/37gr4plg.default/zotero/storage/3GC9CS7B/Woo_2004.pdf:application/pdf}
}

@article{yu_hydraulic_2015,
	title = {Hydraulic lift as a determinant of tree\textendash{}grass coexistence on savannas},
	volume = {207},
	doi = {10.1111/nph.13431},
	abstract = {S. 1039: empirische Schätzungen zum Umfang von hydraulic lift S. 1039: Hydraulic lift begünstigt Grasswachstum; daher wird angenommen, dass sie die Umweltbedingungen, unter denen Grassökosysteme oder Savannen existieren können erweitert. S. 1043: Auf Landschaftsebene nimmt hydraulic lift mit steigendem durchschnittlichem Jahresniederschlag zu S. 1045: Simulationsergebnisse zeigen, dass Bäume durch hydraulic lift Gräser begünstigen},
	pages = {1038--1051},
	journaltitle = {New Phytologist},
	author = {Yu, Kailiang and D’Odorico, Paolo},
	date = {2015},
	keywords = {coexistence, competition, Facilitation, fire, Hydraulic Lift, savanna},
	file = {Attachment:/home/renke/.mozilla/firefox/37gr4plg.default/zotero/storage/ZU43NPW3/Yu_D'Odorico_2015.pdf:application/pdf}
}

@article{zapater_evidence_2011,
	title = {Evidence of hydraulic lift in a young beech and oak mixed forest using \textsuperscript{18}O soil water labelling},
	volume = {25},
	doi = {10.1007/s00468-011-0563-9},
	abstract = {S. 885: Ergebnisse der durchgeführten Experimente beweisen hydraulic lift},
	pages = {885--894},
	journaltitle = {Trees - Structure and Function},
	author = {Zapater, Marion and Hossann, Christian and Bréda, Nathalie and Bréchet, Claude and Bonal, Damien and Granier, André},
	date = {2011},
	keywords = {Deciduous mixed forest, Drought, Fagus sylvatica, Hydraulic Lift, Isotopic labelling, Quercus petraea, Tree roots},
	file = {Attachment:/home/renke/.mozilla/firefox/37gr4plg.default/zotero/storage/QMHWKIEK/Zapater_et_al_2011.pdf:application/pdf}
}

@book{roth_soil_2012,
	title = {Soil Physics Lecture Notes},
	url = {http://www.iup.uni-heidelberg.de/institut/forschung/groups/ts/soil_physics/students/lecture_notes05},
	author = {Roth, Kurt},
	date = {2012},
	keywords = {[soil hydrology theory]},
	file = {Roth_Soil_Physics_Lecture_Notes.pdf:/home/renke/.mozilla/firefox/37gr4plg.default/zotero/storage/95BTMACF/Roth_Soil_Physics_Lecture_Notes.pdf:application/pdf;sp-v2.2-append.pdf:/home/renke/.mozilla/firefox/37gr4plg.default/zotero/storage/HIDQIMB7/sp-v2.2-append.pdf:application/pdf;sp-v2.2-ch1.pdf:/home/renke/.mozilla/firefox/37gr4plg.default/zotero/storage/54TW92DT/sp-v2.2-ch1.pdf:application/pdf;sp-v2.2-ch2.pdf:/home/renke/.mozilla/firefox/37gr4plg.default/zotero/storage/HE9P4BCS/sp-v2.2-ch2.pdf:application/pdf;sp-v2.2-ch3.pdf:/home/renke/.mozilla/firefox/37gr4plg.default/zotero/storage/SHG6EKVV/sp-v2.2-ch3.pdf:application/pdf;sp-v2.2-ch4.pdf:/home/renke/.mozilla/firefox/37gr4plg.default/zotero/storage/2PEFNP2N/sp-v2.2-ch4.pdf:application/pdf;sp-v2.2-ch5.pdf:/home/renke/.mozilla/firefox/37gr4plg.default/zotero/storage/68JBDD2N/sp-v2.2-ch5.pdf:application/pdf;sp-v2.2-ch6.pdf:/home/renke/.mozilla/firefox/37gr4plg.default/zotero/storage/A67JC4RP/sp-v2.2-ch6.pdf:application/pdf;sp-v2.2-ch7.pdf:/home/renke/.mozilla/firefox/37gr4plg.default/zotero/storage/CX5EEV67/sp-v2.2-ch7.pdf:application/pdf;sp-v2.2-ch8.pdf:/home/renke/.mozilla/firefox/37gr4plg.default/zotero/storage/IG2KFTRT/sp-v2.2-ch8.pdf:application/pdf;sp-v2.2-LOF.pdf:/home/renke/.mozilla/firefox/37gr4plg.default/zotero/storage/K6SQ83FA/sp-v2.2-LOF.pdf:application/pdf;sp-v2.2-LOT.pdf:/home/renke/.mozilla/firefox/37gr4plg.default/zotero/storage/2TT4VQ28/sp-v2.2-LOT.pdf:application/pdf;sp-v2.2-Symbols.pdf:/home/renke/.mozilla/firefox/37gr4plg.default/zotero/storage/862I3JM4/sp-v2.2-Symbols.pdf:application/pdf;sp-v2.2-title.pdf:/home/renke/.mozilla/firefox/37gr4plg.default/zotero/storage/W9IBCE5F/sp-v2.2-title.pdf:application/pdf;sp-v2.2-TOC.pdf:/home/renke/.mozilla/firefox/37gr4plg.default/zotero/storage/R68K6MKI/sp-v2.2-TOC.pdf:application/pdf}
}

@article{bormann_moisture_1957,
	title = {Moisture transfer between plants through intertwined root systems},
	volume = {32},
	url = {https://www.ncbi.nlm.nih.gov/pmc/articles/PMC540859/},
	pages = {48},
	number = {1},
	journaltitle = {Plant Physiology},
	author = {Bormann, F. H.},
	urldate = {2017-02-14},
	date = {1957},
	keywords = {[hydraulic redistribution]},
	file = {Bormann_1957.pdf:/home/renke/.mozilla/firefox/37gr4plg.default/zotero/storage/K85UK25G/Bormann_1957.pdf:application/pdf}
}

@article{ludwig_hydraulic_2003,
	title = {Hydraulic lift in \emph{Acacia tortilis} trees on an East African savanna},
	volume = {134},
	issn = {0029-8549, 1432-1939},
	url = {http://link.springer.com/10.1007/s00442-002-1119-x},
	doi = {10.1007/s00442-002-1119-x},
	pages = {293--300},
	number = {3},
	journaltitle = {Oecologia},
	author = {Ludwig, F. and Dawson, T. E. and de Kroon, H. and Berendse, F. and Prins, H. H. T.},
	urldate = {2017-02-14},
	date = {2003-02},
	langid = {english},
	keywords = {[hydraulic redistribution]},
	file = {Ludwig_et_al_2003.pdf:/home/renke/.mozilla/firefox/37gr4plg.default/zotero/storage/GTISJ8D8/Ludwig_et_al_2003.pdf:application/pdf}
}

@article{richards_hydraulic_1987,
	title = {Hydraulic lift: substantial nocturnal water transport between soil layers by \emph{Artemisia tridentata} roots},
	volume = {73},
	url = {http://link.springer.com/article/10.1007/BF00379405},
	shorttitle = {Hydraulic lift},
	pages = {486--489},
	number = {4},
	journaltitle = {Oecologia},
	author = {Richards, James H. and Caldwell, Martyn M.},
	urldate = {2017-02-15},
	date = {1987},
	keywords = {[hydraulic redistribution]},
	file = {Richards_Caldwell_1987.pdf:/home/renke/.mozilla/firefox/37gr4plg.default/zotero/storage/7ISTFBS5/Richards_Caldwell_1987.pdf:application/pdf}
}

@article{burgess_redistribution_1998,
	title = {The redistribution of soil water by tree root systems},
	volume = {115},
	url = {http://link.springer.com/article/10.1007/s004420050521},
	pages = {306--311},
	number = {3},
	journaltitle = {Oecologia},
	author = {Burgess, Stephen {SO} and Adams, Mark A. and Turner, Neil C. and Ong, Chin K.},
	urldate = {2017-02-15},
	date = {1998},
	keywords = {[hydraulic redistribution]},
	file = {Burgess_et_al_1998.pdf:/home/renke/.mozilla/firefox/37gr4plg.default/zotero/storage/535I4E8I/Burgess_et_al_1998.pdf:application/pdf}
}

@article{pate_assessing_1999,
	title = {Assessing the performance of woody plants in uptake and utilisation of carbon, water and nutrients: Implications for designing agricultural mimic systems},
	volume = {45},
	url = {http://link.springer.com/article/10.1023/A:1006210109339},
	shorttitle = {Assessing the performance of woody plants in uptake and utilisation of carbon, water and nutrients},
	pages = {245},
	number = {1},
	journaltitle = {Agroforestry Systems},
	author = {Pate, J. S. and Dawson, T. E.},
	urldate = {2017-02-15},
	date = {1999},
	keywords = {[hydraulic redistribution]},
	file = {Pate_Dawson_1999.pdf:/home/renke/.mozilla/firefox/37gr4plg.default/zotero/storage/ND62IEZF/Pate_Dawson_1999.pdf:application/pdf}
}

@article{burgess_tree_2001,
	title = {Tree roots: conduits for deep recharge of soil water},
	volume = {126},
	issn = {0029-8549, 1432-1939},
	url = {http://link.springer.com/10.1007/s004420000501},
	doi = {10.1007/s004420000501},
	shorttitle = {Tree roots},
	pages = {158--165},
	number = {2},
	journaltitle = {Oecologia},
	author = {Burgess, Stephen S. O. and Adams, Mark A. and Turner, Neil C. and White, Don A. and Ong, Chin K.},
	urldate = {2017-02-15},
	date = {2001-01-19},
	keywords = {[hydraulic redistribution]},
	file = {Burgess_et_al_2001.pdf:/home/renke/.mozilla/firefox/37gr4plg.default/zotero/storage/JCR3IEWU/Burgess_et_al_2001.pdf:application/pdf}
}

@collection{rose_mathematics_1981,
	location = {London ; New York},
	title = {Mathematics and plant physiology},
	isbn = {978-0-12-596880-5},
	series = {Experimental botany},
	pagetotal = {320},
	number = {v. 16},
	publisher = {Academic Press},
	editor = {Rose, D. A. and Charles-Edwards, D. A. and {Agricultural Research Council (Great Britain)}},
	date = {1981},
	keywords = {Mathematical models Congresses, Plant physiology}
}

@article{corak_water_1987,
	title = {Water Transfer in an Alfalfa/Maize Association. Survival of Maize during Drought},
	volume = {84},
	url = {http://www.plantphysiol.org/content/84/3/582.short},
	pages = {582--586},
	number = {3},
	journaltitle = {Plant Physiology},
	author = {Corak, Steven J. and Blevins, Dale G. and Pallardy, Stephen G.},
	urldate = {2017-02-16},
	date = {1987},
	keywords = {[hydraulic redistribution]},
	file = {Corak_et_al_1987.pdf:/home/renke/.mozilla/firefox/37gr4plg.default/zotero/storage/PERZ93GD/Corak_et_al_1987.pdf:application/pdf}
}

@article{caldwell_hydraulic_1989,
	title = {Hydraulic lift: water efflux from upper roots improves effectiveness of water uptake by deep roots},
	volume = {79},
	url = {http://link.springer.com/article/10.1007/BF00378231},
	shorttitle = {Hydraulic lift},
	pages = {1--5},
	number = {1},
	journaltitle = {Oecologia},
	author = {Caldwell, Martyn M. and Richards, James H.},
	urldate = {2017-02-16},
	date = {1989},
	keywords = {[hydraulic redistribution]},
	file = {Caldwell_Richards_1989.pdf:/home/renke/.mozilla/firefox/37gr4plg.default/zotero/storage/N7GI6QMR/Caldwell_Richards_1989.pdf:application/pdf}
}

@article{coulibaly_crop_2014,
	title = {Crop production under different rainfall and management conditions in agroforestry parkland systems in Burkina Faso: observations and simulation with {WaNuLCAS} model},
	volume = {88},
	issn = {0167-4366, 1572-9680},
	url = {http://link.springer.com/10.1007/s10457-013-9651-8},
	doi = {10.1007/s10457-013-9651-8},
	shorttitle = {Crop production under different rainfall and management conditions in agroforestry parkland systems in Burkina Faso},
	pages = {13--28},
	number = {1},
	journaltitle = {Agroforestry Systems},
	author = {Coulibaly, Y. N. and Mulia, R. and Sanou, J. and Zombré, G. and Bayala, J. and Kalinganire, A. and van Noordwijk, M.},
	urldate = {2017-02-17},
	date = {2014-02},
	langid = {english},
	keywords = {[modelling]},
	file = {Coulibaly_et_al_2014.pdf:/home/renke/.mozilla/firefox/37gr4plg.default/zotero/storage/KHP4KR3S/Coulibaly_et_al_2014.pdf:application/pdf}
}

@article{bayala_hydraulic_2008,
	title = {Hydraulic redistribution study in two native tree species of agroforestry parklands of West African dry savanna},
	volume = {34},
	issn = {1146609X},
	url = {http://linkinghub.elsevier.com/retrieve/pii/S1146609X08001033},
	doi = {10.1016/j.actao.2008.06.010},
	pages = {370--378},
	number = {3},
	journaltitle = {Acta Oecologica},
	author = {Bayala, Jules and Heng, Lee Kheng and van Noordwijk, Meine and Ouedraogo, Sibiri Jean},
	urldate = {2017-02-17},
	date = {2008-11},
	langid = {english},
	keywords = {Hydraulic redistribution, Modelling, Parkland systems, Tree–soil–crop interactions},
	file = {Bayala_et_al_2008.pdf:/home/renke/.mozilla/firefox/37gr4plg.default/zotero/storage/WII396UE/Bayala_et_al_2008.pdf:application/pdf}
}

@article{hussain_modelling_2016,
	title = {Modelling resource competition and its mitigation at the crop-soil-hedge interface using {WaNuLCAS}},
	volume = {90},
	issn = {0167-4366, 1572-9680},
	url = {http://link.springer.com/10.1007/s10457-015-9881-z},
	doi = {10.1007/s10457-015-9881-z},
	pages = {1025--1044},
	number = {6},
	journaltitle = {Agroforestry Systems},
	author = {Hussain, Khalid and Wongleecharoen, Chalermchart and Hilger, Thomas and Ahmad, Ashfaq and Kongkaew, Thanuchai and Cadisch, Georg},
	urldate = {2017-02-17},
	date = {2016-12},
	langid = {english},
	keywords = {[modelling]},
	file = {Hussain_et_al_2016.pdf:/home/renke/.mozilla/firefox/37gr4plg.default/zotero/storage/ZEPZASSF/Hussain_et_al_2016.pdf:application/pdf}
}

@article{leffler_hydraulic_2005,
	title = {Hydraulic redistribution through the root systems of senesced plants},
	volume = {86},
	issn = {0012-9658},
	url = {http://doi.wiley.com/10.1890/04-0854},
	doi = {10.1890/04-0854},
	pages = {633--642},
	number = {3},
	journaltitle = {Ecology},
	author = {Leffler, A. Joshua and Peek, Michael S. and Ryel, Ron J. and Ivans, Carolyn Y. and Caldwell, Martyn M.},
	urldate = {2017-02-17},
	date = {2005-03},
	langid = {english},
	keywords = {[hydraulic redistribution]},
	file = {Leffler_et_al_2005.pdf:/home/renke/.mozilla/firefox/37gr4plg.default/zotero/storage/42XZIAM4/Leffler_et_al_2005.pdf:application/pdf}
}

@article{warren_hydraulic_2007,
	title = {Hydraulic redistribution of soil water in two old-growth coniferous forests: quantifying patterns and controls},
	volume = {173},
	issn = {0028646X, 14698137},
	url = {http://doi.wiley.com/10.1111/j.1469-8137.2006.01963.x},
	doi = {10.1111/j.1469-8137.2006.01963.x},
	shorttitle = {Hydraulic redistribution of soil water in two old-growth coniferous forests},
	pages = {753--765},
	number = {4},
	journaltitle = {New Phytologist},
	author = {Warren, Jeffrey M. and Meinzer, Frederick C. and Brooks, J. Renée and Domec, Jean-Christophe and Coulombe, Rob},
	urldate = {2017-02-17},
	date = {2007-03},
	langid = {english},
	keywords = {[hydraulic redistribution]},
	file = {Warren_et_al_2007.pdf:/home/renke/.mozilla/firefox/37gr4plg.default/zotero/storage/4GZV6XN7/Warren_et_al_2007.pdf:application/pdf}
}

@article{ryel_hydraulic_2002,
	title = {Hydraulic redistribution in a stand of \emph{Artemisia tridentata}: evaluation of benefits to transpiration assessed with a simulation model},
	volume = {130},
	issn = {0029-8549, 1432-1939},
	url = {http://link.springer.com/10.1007/s004420100794},
	doi = {10.1007/s004420100794},
	shorttitle = {Hydraulic redistribution in a stand of Artemisia tridentata},
	pages = {173--184},
	number = {2},
	journaltitle = {Oecologia},
	author = {Ryel, R. and Caldwell, M. and Yoder, C. and Or, D. and Leffler, A.},
	urldate = {2017-02-21},
	date = {2002-01},
	langid = {english},
	keywords = {[modelling]},
	file = {Ryel_et_al_2002.pdf:/home/renke/.mozilla/firefox/37gr4plg.default/zotero/storage/2WAD43B7/Ryel_et_al_2002.pdf:application/pdf}
}

@article{bockheim_soil-factorial_2010,
	title = {Soil-factorial models and earth-system science: A review},
	volume = {159},
	issn = {00167061},
	url = {http://linkinghub.elsevier.com/retrieve/pii/S0016706110002740},
	doi = {10.1016/j.geoderma.2010.09.005},
	shorttitle = {Soil-factorial models and earth-system science},
	pages = {243--251},
	number = {3},
	journaltitle = {Geoderma},
	author = {Bockheim, J.G. and Gennadiyev, A.N.},
	urldate = {2017-02-22},
	date = {2010-11},
	langid = {english},
	keywords = {[soil]},
	file = {Bockheim_Gennadiyev_2010.pdf:/home/renke/.mozilla/firefox/37gr4plg.default/zotero/storage/U83MASJX/Bockheim_Gennadiyev_2010.pdf:application/pdf}
}

@article{chen_overview_2015,
	title = {Overview of Ecohydrological Models and Systems at the Watershed Scale},
	volume = {9},
	issn = {1932-8184, 1937-9234, 2373-7816},
	url = {http://ieeexplore.ieee.org/lpdocs/epic03/wrapper.htm?arnumber=6782450},
	doi = {10.1109/JSYST.2013.2296979},
	pages = {1091--1099},
	number = {3},
	journaltitle = {{IEEE} Systems Journal},
	author = {Chen, Lajiao and Wang, Lizhe and Ma, Yan and Liu, Peng},
	urldate = {2017-02-23},
	date = {2015-09},
	file = {Chen_et_al_2015.pdf:/home/renke/.mozilla/firefox/37gr4plg.default/zotero/storage/ERGUVV36/Chen_et_al_2015.pdf:application/pdf}
}

@article{dirmeyer_history_2011,
	title = {A History and Review of the Global Soil Wetness Project ({GSWP})},
	volume = {12},
	issn = {1525-755X, 1525-7541},
	url = {http://journals.ametsoc.org/doi/abs/10.1175/JHM-D-10-05010.1},
	doi = {10.1175/JHM-D-10-05010.1},
	pages = {729--749},
	number = {5},
	journaltitle = {Journal of Hydrometeorology},
	author = {Dirmeyer, Paul A.},
	urldate = {2017-02-23},
	date = {2011-10},
	langid = {english},
	file = {Dirmeyer_2011.pdf:/home/renke/.mozilla/firefox/37gr4plg.default/zotero/storage/MJD3H2B6/Dirmeyer_2011.pdf:application/pdf}
}

@book{arnold_large_1998,
	title = {Large area hydrologic modeling and assessment part I: Model development1},
	url = {http://onlinelibrary.wiley.com/doi/10.1111/j.1752-1688.1998.tb05961.x/full},
	shorttitle = {Large area hydrologic modeling and assessment part I},
	publisher = {Wiley Online Library},
	author = {Arnold, Jeffrey G. and Srinivasan, Raghavan and Muttiah, Ranjan S. and Williams, Jimmy R.},
	urldate = {2017-02-23},
	date = {1998},
	file = {Arnold_et_al_1998.pdf:/home/renke/laptop02_Projekt/Literatur/Artikel/Arnold_et_al_1998.pdf:application/pdf}
}

@article{gou_groundwater-soil-plant-atmosphere_2014,
	title = {A groundwater\textendash{}soil\textendash{}plant\textendash{}atmosphere continuum approach for modelling water stress, uptake, and hydraulic redistribution in phreatophytic vegetation},
	volume = {7},
	issn = {19360584},
	url = {http://doi.wiley.com/10.1002/eco.1427},
	doi = {10.1002/eco.1427},
	shorttitle = {A groundwater\textendash{}soil\textendash{}plant\textendash{}atmosphere continuum approach for modelling water stress, uptake, and hydraulic redistribution in phreatophytic vegetation},
	pages = {1029--1041},
	number = {3},
	journaltitle = {Ecohydrology},
	author = {Gou, Si and Miller, Gretchen},
	urldate = {2017-02-24},
	date = {2014-06},
	langid = {english},
	keywords = {[hydraulic redistribution], [modelling]},
	file = {Gou_Miller_2014.pdf:/home/renke/laptop02_Projekt/Literatur/Artikel/Gou_Miller_2014.pdf:application/pdf}
}

@article{scott_ecohydrologic_2008,
	title = {The ecohydrologic significance of hydraulic redistribution in a semiarid savanna},
	volume = {44},
	issn = {00431397},
	url = {http://doi.wiley.com/10.1029/2007WR006149},
	doi = {10.1029/2007WR006149},
	shorttitle = {The ecohydrologic significance of hydraulic redistribution in a semiarid savanna},
	pages = {n/a--n/a},
	number = {2},
	journaltitle = {Water Resources Research},
	author = {Scott, Russell L. and Cable, William L. and Hultine, Kevin R.},
	urldate = {2017-02-24},
	date = {2008-02},
	langid = {english},
	keywords = {[hydraulic redistribution], [modelling]},
	file = {Scott_et_al_2008.pdf:/home/renke/laptop02_Projekt/Literatur/Artikel/Scott_et_al_2008.pdf:application/pdf}
}