% This file was created with JabRef 2.10.
% Encoding: UTF8


@Article{Bayalaa2008,
  Title                    = {Hydraulic redistribution study in two native tree species of agroforestry parklands of West African dry savanna},
  Author                   = {Jules Bayalaa and Lee Kheng Hengb and Meine van Noordwijkc and Sibiri Jean Ouedraogoa},
  Journaltitle             = {Acta Oecologica},
  Year                     = {2008},

  Doi                      = {10.1016/j.actao.2008.06.010},
  Pages                    = {370–378},
  Volume                   = {34},

  Abstract                 = {S. 370: Artikel befasst sich mit hydraulic redistribution/hydraulic lift bei Vitellaria paradoxa und Parkia biglobosa. Die Ergebnisse deuten an, dass hydraulic lift stattfindet.},
  File                     = {:Artikel/Bayala_et_al_2008.pdf:PDF},
  Keywords                 = {Hydraulic redistribution, Modelling, Parkland systems, Tree–soil–crop interactions, Hydraulic Lift},
  Owner                    = {renke},
  Timestamp                = {2015.11.30}
}

@Article{Bhamagar1979,
  Title                    = {Influence of water content and soil properties on unsaturated hydraulic conductivity of some red and black soils},
  Author                   = {D. Bhatnagar and Y. Nagarajarao and R.P. Gupta},
  Journaltitle             = {Zeitschrift für Pflanzenernährung und Bodenkunde},
  Year                     = {1979},
  Pages                    = {99-108},
  Volume                   = {142},

  Abstract                 = {- p. 102 Tab. 1: [measurements of saturated hydraulic conductivity of soils]},
  File                     = {:Artikel/Bhatnagar_et_al_1979.pdf:PDF},
  Owner                    = {renke},
  Timestamp                = {2015.12.22}
}

@Article{Bredemeier2015,
  Title                    = {Fast growing plantations for wood production – integration of ecological effects and economic perspectives},
  Author                   = {Michael Bredemeier and Gerald Busch and Linda Hartmann and Martin Jansen and Falk Richter and Norbert P. Lamersdorf},
  Journaltitle             = {Frontiers in Bioengineering and Biotechnology},
  Year                     = {2015},

  Doi                      = {10.3389/fbioe.2015.00072},
  Volume                   = {3},

  Abstract                 = {S. 1: Artikel behandelt Effekte von KUP auf Grundwasserneubildung},
  File                     = {:Artikel/Bredemeier_et_al_2015.pdf:PDF},
  Keywords                 = {short rotation coppice, energy wood plantations, water budget, nitrogen leaching, integrated landscape assessment, modelling},
  Owner                    = {renke},
  Timestamp                = {2015.11.30}
}

@Book{Burden1993,
  Title                    = {Numerical Analysis},
  Author                   = {Richard L. Burden and J. Douglas Faires},
  Year                     = {1993},

  Edition                  = {5},
  Location                 = {Boston, MA, USA},

  Abstract                 = {p. 239: [explanation of Euler’s method]

p. 239:
- object of Euler’s method: obtain an approximation to the following well posed initial value problem: dy/dt = f(t, y), a<= t <= b, y(a) = alpha

- actually, a continuous approximation to the solution y(t) will not be obtained;
- instead, approximations to y will be generated at various values, called mesh points, in the interval [a, b];
- once the approximate solution is obtained at the points, the approximate solution at other points in the interval can be obtained by interpolation

- we make the stipulation that the mesh points are equally distributed throughout the interval [a, b];
- this can be ensured by choosing a positive integer N and selecting the mesh points \{t0, t1, t2, ..., tN\} where ti = a + ih, for each i = 0, 1, 2, ..., N
- the common distance between the points, h = (b - a)/N, is called the step size},
  Owner                    = {renke},
  Timestamp                = {2016.03.03}
}

@Article{Caldwell1998,
  Title                    = {Hydraulic lift: consequences of water efflux from the roots of plants},
  Author                   = {Martyn M. Caldwell and Todd E. Dawson and James H. Richards},
  Journaltitle             = {Oecologia},
  Year                     = {1998},
  Pages                    = {151–161},
  Volume                   = {113},

  Abstract                 = {ganzer Artikel: hydraulic lift existiert},
  File                     = {:Artikel/Caldwell_et_al_1998.pdf:PDF},
  Keywords                 = {Hydraulic lift, Plant water uptake, Water relations and water use, Nutrient acquisition, Plant roots},
  Owner                    = {renke},
  Timestamp                = {2015.11.24}
}

@Article{Celia1990,
  Title                    = {A General Mass-Conservative Numerical Solution for the Unsaturated Flow Equation},
  Author                   = {Michael A. Celia and Efthimios T. Boulout and Rebecca L. Zarba},
  Journaltitle             = {Water Resources Research},
  Year                     = {1990},
  Pages                    = {1483-1496},
  Volume                   = {26},

  Abstract                 = {- S. 1483: numerische Lösungen auf Basis der gemischten Form (?) der Richards-Gleichung sind konservativ (d.h. Massen bleiben erhalten), liefern aber nicht notwendigerweise gute Resultate

- S. 1483: die genaue Lösung der Gleichung für ungesättigten Fluss erfordert eine diagonale Massen- (oder Zeit-) Matrix

- S. 1483: eine korrekte Handhabung der Ableitung nach der Zeit ist zwingend notwendig für die numerische Lösung des ungesättigten Flusses

- S. 1484: bei der Simulation von Infiltration in trockenen Boden erzeugen Näherungen auf Basis finiter Elemente trotz Massenerhaltung stark schwankende Lösungen

- S. 1494: wenn die finite Elemente-Methode zur Modellierung von ungesättigtem Fluss verwendet wird, sollte sie zusammen mit einer Klumpungsprozedur für die Zeitmatrix verwendet werden

- S. 1495: die schlechte Leistung von Lösungen auf Basis konsistenter finiter Elemente beruhen auf dem Verlust von Monotonität, welcher seinerseits vom Versagen, dem Maximum-Prinzip zu genügen, herrührt},
  File                     = {:Artikel/Celia_et_al_1990.pdf:PDF},
  Keywords                 = {modelling},
  Owner                    = {renke},
  Timestamp                = {2015.12.08}
}

@Article{Dawson1993,
  Title                    = {Hydraulic lift and water use by plants: implications for water balance, performance and plant-plant interactions},
  Author                   = {Todd E. Dawson},
  Journaltitle             = {Oecologia},
  Year                     = {1993},
  Pages                    = {565-574},
  Volume                   = {95},

  Abstract                 = {ganzer Artikel: Ergebnisse sprechen für hydraulic lift},
  File                     = {:Artikel/Dawson_1993.pdf:PDF},
  Keywords                 = {Roots, Hydraulic lift, Stable hydrogen isotopic composition, Soil and leaf water potential, Stomatal conductance},
  Owner                    = {renke},
  Timestamp                = {2015.11.24}
}

@Article{Emerman1996,
  Title                    = {Hydraulic lift and its influence on the water content of the rhizosphere: an example from sugar maple, \emph{Acer saccharum}},
  Author                   = {Steven H. Emerman and Todd E. Dawson},
  Journaltitle             = {Oecologia},
  Year                     = {1996},
  Pages                    = {273-278},
  Volume                   = {108},

  Abstract                 = {S. 273: Artikel befasst sich mit hydraulic lift bei Acer saccharum},
  File                     = {:Artikel/Emerman_Dawson_1996.pdf:PDF},
  Keywords                 = {Hydraulic lift, Roots, Soil water content, Sugar maple, Stable hydrogen isotope composition},
  Owner                    = {renke},
  Timestamp                = {2015.11.30}
}

@Article{Genuchten1980,
  Title                    = {A Closed-form Equation for Predicting the Hydraulic Conductivity of Unsaturated Soils},
  Author                   = {M. Th. van Genuchten},
  Journaltitle             = {Soil Science Society of America Journal},
  Year                     = {1980},
  Pages                    = {892-898},
  Volume                   = {44},

  Abstract                 = {- p. 892: h is the pressure head},
  File                     = {:Artikel/van_Genuchten_1980.pdf:PDF},
  Owner                    = {renke},
  Timestamp                = {2016.01.26}
}

@Article{Ghazavi2008,
  Title                    = {Hedgerow impacts on soil-water transfer due to rainfall interception and root-water uptake},
  Author                   = {G. Ghazavi and Z. Thomas and Y. Hamon and J. C. Marie and M. Corson and P. Merot},
  Journaltitle             = {Hydrological Processes},
  Year                     = {2008},

  Doi                      = {10.1002/hyp.7081},
  Pages                    = {4723–4735},
  Volume                   = {22},

  Abstract                 = {S. 4723: Artikel befasst sich mit der Niederschlagsinterzeption von Hecken, deren Einfluss auf das Bodenwasserpotential sowie auf die Grundwasserdynamik.},
  File                     = {:Artikel/Ghazavi_et_al_2008.pdf:PDF},
  Keywords                 = {hedgerow network; rainfall interception; root distribution; soil-water potential; groundwater dynamic},
  Owner                    = {renke},
  Timestamp                = {2015.11.30}
}

@Book{Grossmann2007,
  Title                    = {Numerical treatment of partial differential equations},
  Author                   = {Christian Großmann and Hans-Görg Roos},
  Year                     = {2007},
  Location                 = {Berlin and others},

  Comment                  = {source (of the German version): https://de.wikipedia.org/wiki/Finite_Differenzen#Literatur;
SGN: 01G877.8 N97 15:403},
  Keywords                 = {numerical, finite differences method},
  Owner                    = {renke},
  Timestamp                = {2016.10.04}
}

@Article{Hao2010,
  Title                    = {Hydraulic lift in \emph{Populus euphratica} Oliv. from the desert riparian vegetation of the Tarim River Basin},
  Author                   = {Xingming Hao and Yaning Chen and Weihong Li and Bin Guo and Ruifeng Zhao},
  Journaltitle             = {Journal of Arid Environments},
  Year                     = {2010},

  Doi                      = {10.1016/j.jaridenv.2010.01.005},
  Pages                    = {905–911},
  Volume                   = {74},

  Abstract                 = {S. 905: Die Saftflussgeschwindigkeit in Wurzeln während des hydraulic lifts wird u.a. durch das Sättigungsdampfdruckdefizit gesteuert.

S. 908 f.: Ergebnisse belegen, dass Populus euphratica zu hydraulic lift fähig ist},
  File                     = {:Artikel/Hao_et_al_2010.pdf:PDF},
  Keywords                 = {Arid regions, Hydraulic redistribution, Root sap flow, Soil water content, hydraulic lift},
  Owner                    = {renke},
  Timestamp                = {2015.11.24}
}

@Article{Hartwich2014,
  Title                    = {Impact of short-rotation coppice on water and land resources},
  Author                   = {Jens Hartwich and Jens Bölscher and Achim Schulte},
  Journaltitle             = {Water International},
  Year                     = {2014},

  Doi                      = {10.1080/02508060.2014.959870},
  Pages                    = {813-825},
  Volume                   = {39},

  Abstract                 = {p. 814 ff.: „Hydrological aspects of SRC cultivation“

p. 815: poplar and willow roots grow up to depths of 2 m

p. 818: „Efficiency from a land- and water-use perspective“},
  File                     = {:Artikel/Hartwich_et_al_2014.pdf:PDF},
  Keywords                 = {short-rotation coppice; water balance; environmental management; biomass; bioenergy},
  Owner                    = {renke},
  Timestamp                = {2015.11.24}
}

@Article{Haverkamp1977,
  Title                    = {Comparison of numerical-simulation models for one-dimensional infiltration},
  Author                   = {R. Haverkamp and M. Vauclin and J. Touma and P. Wierenga and G. Vachaud},
  Journaltitle             = {Soil Science Society of America Journal},
  Year                     = {1977},
  Pages                    = {285-294},
  Volume                   = {41},

  Comment                  = {not available via WOS},
  Owner                    = {renke},
  Timestamp                = {2016.01.26}
}

@Book{Hillel1998,
  Title                    = {Environmental Soil Physics},
  Author                   = {Daniel Hillel},
  Year                     = {1998},
  Location                 = {San Diego and London and Boston and New York and Sydney and Tokyo and Toronto},

  Abstract                 = {S. 38: Bodenwasser, Oberflächenspannung: Kugeln haben von den möglichen geometrischen Körpern die geringste Oberfläche pro Volumen. Daher nehmen Wassertropfen, die in Kontakt mit der Luft sind, Kugelform an.

S. 42 ff.: Bodenwasser, Oberflächenspannung, Kontaktwinkel

S. 44 ff.: Bodenwasser, Kapillarkräfte

S. 142 f.: Bodenwasser, Potential, Wasserfluss: Wasserfluss im Boden beruht auf Unterschieden hinsichtlich der potentiellen Energie von Wasser an unterschiedlichen Punkten im Boden. Das Wasser fließt dabei von Punkten höherer potentieller Energie zu Punkten geringerer potentieller Energie. Der Potentialgradient ist die treibende Kraft hinter dem Wasserfluss im Boden. Diese Kraft ist gleich dem negativen Potentialgradienten (-dPsi/dx), d.h. gleich der Veränderung des Potentials Psi über die Distanz x.

S. 144 Formel 6.13: Bodenwasser, Potential, Komponenten, Formel:
Psit = Psig + Psip + Psio + …
Psit: Gesamtpotential
Psig: gravimetrisches Potential
Psip: Druckpotential
Psio: osmotisches Potential

S. 147 Formel 6.23: Bodenwasser, gravimetrisches Potential, Formel:
Psig,v = rhow * g * z
Psig,v: gravimetrisches Potential pro Volumeneinheit
rhow: Dichte von Wasser
g: Erdbeschleunigung
z: Entfernung zur Referenzebene
Das gravimetrische Potential hängt ausschließlich von der relativen Höhe des betrachteten Punktes gegenüber der Referenzebene ab.

S. 149: Bodenwasser, Matrixpotential: Das Matrixpotential setzt sich aus den Efffekten des kapillaren Aufstiegs und der Adsorption von Wasser an die Bodenmatrix zusammen.

S. 149 f.: Bodenwasser, Druckpotential, Matrixpotential: Nach einer Konvention kann ein Boden nur entweder ein (positives) Druck- oder ein (negatives) Matrixpotential aufweisen. Demnach weist ein gesättigter Boden stets ein Druck-, ein ungesättigter hingegen stets ein Matrixpotential auf. Diese Betrachtungsweise gestattet es, das Feuchtigkeitsprofil eines Bodens als ein durchgehendes [aber nicht gleichförmiges] Potential, das den gesättigten wie den ungesättigten Teil des Bodens umfasst, zu betrachten.

S. 150: Bodenwasser, pneumatisches Potential: Neben den genannten Faktoren kann der Druck von Bodenwasser auch durch den Druck der Umgebungsluft beeinflusst werden. Dieser Effekt ist aber i.d.R. vernachlässigbar.

S. 151: Bodenwasser, osmotisches Potential: Das osmotische Potential beeinflusst den Wasserfluss im Boden nicht signifikant.

S. 176: Bodenwasser, gesättigtes Fließen: Die Erfahrung lehrt, dass die (horizontale) Durchflussrate durch eine gesättigte Bodensäule direkt proportional zur Oberfläche des Säulenquerschnitts und zur Differenz in der hydraulischen Höhe und umgekehrt proportional zur Länge der Bodensäule [s. Abb. hillel_gesaettigtes_flieszen] ist.

S. 177: Bodenwasser, gesättigtes Fließen, hydraulische Leitfähigkeit: Die Differenz in der hydraulischen Höhe pro Längeneinheit in Richtung des Wasserflusses ist der hydraulische Gradient. Dieser Gradient ist die treibende Kraft hinter dem Wasserfluss. Der Wasserfluss ist proportional zu diesem hydraulischen Gradienten. Der Proportionalitätsfaktor wird „hydraulische Leitfähigkeit“ genannt.

S. 177 Formel 7.5: Bodenwasser, gesättigtes Fließen, Darcy-Gesetz, Formel:
q = K deltaH/L
q: Wasserfluss
K: hydraulische Leitfähigkeit
deltaH: Differenz in der hydraulischen Höhe
L: Länge der Bodensäule in Richtung des Wasserflusses

S. 179 Formel 7.7: Bodenwasser, gesättigtes Fließen, Darcy-Gesetz, Formel: In einem eindimensionalen System nimmt das Darcy-Gesetz folgende Form an:
q = -K dH/dx
q: Wasserfluss
K: hydraulische Leitfähigkeit
dH/dx: Gradient der hydraulischen Höhe in Richtung des Wasserflusses

S. 177: Bodenwasser, gesättigtes Fließen: In einer vertikalen Bodensäule wirkt neben dem Druck auch die Gravitation. Demnach ergibt sich die gesamte hydraulische Höhe aus der Summe der Druckhöhe und der hydraulischen Höhe auf Basis der Gravitation. Die Druckhöhe an einem bestimmten Punkt ergibt sich aus der Höhe der Wassersäule über diesem Punkt. Die hydraulische Höhe auf Basis der Gravitation an einem bestimmten Punkt ergibt sich aus der Distanz zwischen diesem Punkt und einer beliebigen Referenzebene.

S. 204: Bodenwasser, ungesättigtes Fließen: In ungesättigten Böden steht Wasser unter einem geringeren als dem atmosphärischen Druck bzw. es ist einem Matrixsog ausgesetzt, welcher gleich einem negativen Druckpotential ist. Der Gradient dieses Potentials treibt [ähnlich wie beim gesättigten Fließen] den Wasserfluss im Boden an.

S. 204: Bodenwasser, ungesättigtes Fließen: Wenn der Sog im gesamten Profil einheitlich ist, findet kein Wasserfluss statt. Existiert jedoch ein Soggradient, so fließt das Wasser von Punkt geringeren Matrixsogs zu Punkten höheren Matrixsogs.

S. 204: Bodenwasser, gesättigtes Fließen, ungesättigtes Fließen, hydraulische Leitfähigkeit: Der womöglich wichtigste Unterschied zwischen gesättigtem und ungesättigtem Fließen betrifft die hydraulische Leitfähigkeit. Wenn der Boden gesättigt ist, sind alle Poren wassergefüllt und leiten Wasser uneingeschränkt. Der Boden wird von einer durchgehenden flüssigen Phase durchzogen und seine hydraulische Leitfähigkeit ist maximal. Sobald der Wassergehalt des Bodens aber abnimmt, verringert sich der Querschnitt durch den Wasser im Boden fließen kann. Zudem entwässern zuerst die Grobporen und somit die Poren mit der [gem. dem Poiseuille-Gesetz] höchsten Leitfähigkeit. Hierdurch steigt zugleich die Tortuosität.

S. 205: Bodenwasser, ungesättigtes Fließen, hydraulische Leitfähigkeit: Aufgrund der o [S. 204] g. Gründe sinkt die hydraulische Leitfähigkeit mit steigender Wasserspannung überproportional.

S. 205: Bodenwasser, gesättigtes Fließen, ungesättigtes Fließen, hydraulische Leitfähigkeit, Abhängigkeit von Bodenart: Während hinsichtlich gesättigtem Fließen grobkörnige und stark aggregierte Böden eine hohe hydraulische Leitfähigkeit zeigen, ist dies hinsichtlich ungesättigtem Fließen bei tonigen und wenig aggregierten Böden der Fall. [Eine schematische Darstellung der hydraulischen Leitfähigkeit in Abhängigkeit von der Wasserspannung findet sich in Abb. hillel_leitf_spannung (von S. 208).]

S. 210 f. Formel 8.2 bis 8.4: Bodenwasser, ungesättigtes Fließen, Kontinuitätsgleichung, Formel: Die Kontinuitätsgleichung [für die Formeln s. Hillel 1998] besagt, dass in einem abgeschlossenen System die Diffferenz zwischen hinein- und herausfließendem Wasser gleich der Veränderung der Menge des im System gespeicherten Wassers sein muss. [Zur Veranschaulichung s. Abb. hillel_kontingleichung (von S. 211).]

S. 212 Formel 8.11: Bodenwasser, ungesättigtes Fließen, Richards-Gleichung: Die Richards-Gleichung verbindet die Kontinuitätsgleichung und das Darcy-Gesetz und berücksichtigt gleichzeitig die Abhängigkeit der hydraulischen Leitfähigkeit von der Wasserspannung.},
  File                     = {:Buecher/Hillel_Environmental_soil_physics/TOC.pdf:PDF;:Buecher/Hillel_Environmental_soil_physics/index.pdf:PDF;:Buecher/Hillel_Environmental_soil_physics/chapter21.pdf:PDF;:Buecher/Hillel_Environmental_soil_physics/chapter20.pdf:PDF;:Buecher/Hillel_Environmental_soil_physics/chapter19.pdf:PDF;:Buecher/Hillel_Environmental_soil_physics/chapter18.pdf:PDF;:Buecher/Hillel_Environmental_soil_physics/chapter17.pdf:PDF;:Buecher/Hillel_Environmental_soil_physics/chapter16.pdf:PDF;:Buecher/Hillel_Environmental_soil_physics/chapter15.pdf:PDF;:Buecher/Hillel_Environmental_soil_physics/chapter14.pdf:PDF;:Buecher/Hillel_Environmental_soil_physics/chapter13.pdf:PDF;:Buecher/Hillel_Environmental_soil_physics/chapter12.pdf:PDF;:Buecher/Hillel_Environmental_soil_physics/chapter11.pdf:PDF;:Buecher/Hillel_Environmental_soil_physics/chapter10.pdf:PDF;:Buecher/Hillel_Environmental_soil_physics/chapter09.pdf:PDF;:Buecher/Hillel_Environmental_soil_physics/chapter08.pdf:PDF;:Buecher/Hillel_Environmental_soil_physics/chapter07.pdf:PDF;:Buecher/Hillel_Environmental_soil_physics/chapter06.pdf:PDF;:Buecher/Hillel_Environmental_soil_physics/chapter05.pdf:PDF;:Buecher/Hillel_Environmental_soil_physics/chapter04.pdf:PDF;:Buecher/Hillel_Environmental_soil_physics/chapter03.pdf:PDF;:Buecher/Hillel_Environmental_soil_physics/chapter02.pdf:PDF;:Buecher/Hillel_Environmental_soil_physics/chapter01.pdf:PDF;:Buecher/Hillel_Environmental_soil_physics/Hillel_Environmental_soil_physics.pdf:PDF},
  Owner                    = {renke},
  Timestamp                = {2015.03.04}
}

@Book{Hinkelmann2005,
  Title                    = {Efficient Numerical Methods and Information-Processing Techniques for Modeling Hydro- and Environmental Systems},
  Author                   = {Reinhard Hinkelmann},
  Year                     = {2005},
  Location                 = {Berlin and Heidelberg},

  Abstract                 = {- [book deals mainly with groundwater flow]
- p. 62 ff.: [explanation of finite difference models]
- p. 62: "The basic idea of the FDM is to substitute the differential quotients by difference quotients. The equations are then put together in an explicit or implicit way […]. Taking into account initial and / or boundary conditions […], the solutions are obtained."},
  Owner                    = {renke},
  Timestamp                = {2016.03.30}
}

@Book{Huckle2006,
  Title                    = {Numerische Methoden},
  Author                   = {Thomas Huckle and Stefan Schneider},
  Year                     = {2006},

  Edition                  = {2.},
  Location                 = {Berlin, Heidelberg},

  Abstract                 = {- p. 283 ff.: [explanation of the euler method (for the implicit Euler method s. p. 285)]

- p. 347 ff.: [explanation of Taylor development]},
  Owner                    = {renke},
  Timestamp                = {2016.03.03}
}

@Article{Jackson1996,
  Title                    = {A global analysis of root distributions for terrestrial biomes},
  Author                   = {R.B. Jackson and J. Canadell and J.R. Ehleringer and H.A. Mooney and O.E. Sala and E.D. Schulze},
  Journaltitle             = {Oecologia},
  Year                     = {1996},
  Pages                    = {389-411},
  Volume                   = {108},

  Abstract                 = {ganzer Artikel: unterschiedliche Pflanzen bilden unterschiedlich tiefe Wurzelsysteme aus},
  File                     = {:Artikel/Jackson_et_al_1996.pdf:PDF},
  Keywords                 = {Terrestrial biomes, Cumulative root fraction, Root biomass, Rooting density, Soil depth, Wurzeltiefe},
  Owner                    = {renke},
  Timestamp                = {2015.11.24}
}

@Article{JongvanLier2006,
  Title                    = {Root Water Extraction and Limiting Soil Hydraulic Conditions Estimated by Numerical Simulation},
  Author                   = {Quirijn de Jong van Lier and Klaas Metselaar and Jos C. van Dam},
  Journaltitle             = {Vadose Zone Journal},
  Year                     = {2006},

  Doi                      = {10.2136/vzj2006.0056},
  Pages                    = {1264–1277},
  Volume                   = {5},

  Abstract                 = {- S. 1264: Wurzeldichte, hydraulische Eigenschaften des Bodens und der Wasserspannungsgradient spielen eine wichtige Rolle bei der Bestimmung des kritischen Wassergehaltes, ab dem die Transpiration unter ihr Maximum sinkt

- S. 1265: gravitational component is not considered in the root water extraction model proposed in the paper

- S. 1268: in soils with low hydraulic conductivity root density is very important for root water extraction (in general: higher root densities are better at maintaining high transpiration rates)},
  File                     = {:Artikel/de_Jong_van_Lier_et_al_2006.pdf:PDF},
  Keywords                 = {Modelling, root length density},
  Owner                    = {renke},
  Timestamp                = {2015.12.08}
}

@Article{Juncu2010,
  Title                    = {Nonlinear Multigrid Methods for Numerical Solution of the Unsaturated Flow Equation in Two Space Dimensions},
  Author                   = {Gheorghe Juncu and Aurelian Nicola and Constantin Popa},
  Journaltitle             = {Transport in Porous Media},
  Year                     = {2010},

  Doi                      = {10.1007/s11242-009-9465-3},
  Pages                    = {637–652},
  Volume                   = {83},

  Abstract                 = {- p. 637: [paper describes the nonlinear solving of the Richards equation in 2D by using a non-linear multigrid that avoids Picard/Newton iterations]},
  File                     = {:Artikel/Juncu_et_al_2010.pdf:PDF},
  Owner                    = {renke},
  Timestamp                = {2016.01.19}
}

@PhdThesis{Korres2013,
  Title                    = {Analysis of surface soil moisture patterns in an agricultural landscape utilizing measurements and ecohydrological modeling},
  Author                   = {Wolfgang Korres},
  School                   = {Mathematisch-Naturwissenschaftliche Fakultät der Universität zu Köln},
  Year                     = {2013},
  Type                     = {Doktor},

  Abstract                 = {[not of interest]},
  File                     = {:Buecher/Korres_2013.pdf:PDF},
  Owner                    = {renke},
  Timestamp                = {2016.03.30}
}

@Article{Kumar2012,
  Title                    = {Water infiltration influenced by agroforestry and grass buffers for a grazed pasture system},
  Author                   = {Sandeep Kumar and Stephen H. Anderson and Ranjith P. Udawatta and Robert L. Kallenbach},
  Journaltitle             = {Agroforestry Systems},
  Year                     = {2012},

  Doi                      = {10.1007/s10457-011-9474-4},
  Pages                    = {325–335},
  Volume                   = {84},

  Abstract                 = {S. 325: Artikel befasst sich mit dem Einfluss verschiedener Landnutzungsformen auf Niederschlags-Infiltration.},
  File                     = {:Artikel/Kumar_et_al_2012.pdf:PDF},
  Keywords                 = {Green-Ampt equation, Parlange equation, Sorptivity, Saturated hydraulic conductivity, van Genuchten water retention parameters},
  Owner                    = {renke},
  Timestamp                = {2015.11.30}
}

@Incollection{Lamersdorf2010,
  Title                    = {Bodenökologische Aspekte von Kurzumtriebsplantagen},
  Author                   = {Norbert Lamersdorf and Rainer Petzold and Kai Schwärгel and Karl Heinz Feger and Barbara Kästner and Uta Moderow and Christian Bernhofer und Christine Knust},
  Booktitle                = {AGROWOOD. Kurzumtriebsplantagen in Deutschland und europäische Perspektiven},
  Year                     = {2010},
  Location                 = {Berlin},

  Abstract                 = {- S. 180: für Deutschland fehlen Daten über den Einfluss von KUPs auf den Bodenwasserhaushalt

- S. 182: verringerte Grundwasserneubildung unter Pappel-KUP verglichen mit Winterweizen},
  File                     = {:Artikel/Lamersdorf_et_al_2010OCR.pdf:PDF;:Artikel/Lamersdorf_et_al_2010.pdf:PDF},
  Owner                    = {renke},
  Timestamp                = {2015.12.22}
}

@Article{Langton1990,
  Title                    = {Avoiding edge effects in agroforestry experiments; the use of neighbour-balanced designs and guard areas},
  Author                   = {S. Langton},
  Journaltitle             = {Agroforestry Systems},
  Year                     = {1990},
  Pages                    = {173-185},
  Volume                   = {12},

  Abstract                 = {S. 173: Artikel befasst sich mit der Definition verschiedener Arten von Randeffekten von experimentellen Plots, deren Bedeutung in Agroforst-Experimenten sowie Methoden zu deren Eliminierung.},
  File                     = {:Artikel/Langton_1990.pdf:PDF},
  Keywords                 = {agroforestry experiments, edge effects, neighbour-balanced designs, statistical analysis, guard areas},
  Owner                    = {renke},
  Timestamp                = {2015.11.30}
}

@Article{Lee2005,
  Title                    = {Root functioning modifies seasonal climate},
  Author                   = {Jung Eun Lee and Rafael S. Oliveira and Todd E. Dawson and Inez Fung},
  Journaltitle             = {Proceedings of the National Academy of Sciences of the United States of America},
  Year                     = {2005},

  Doi                      = {10.1073/pnas.0508785102},
  Pages                    = {17576–17581},
  Volume                   = {102},

  Abstract                 = {S. 17576: Die Einbeziehung von hydraulic lift in atmosphärische Modelle hat erheblichen Einfluss auf die modellierte Photosynthese und Evapotranspiration.},
  File                     = {:Artikel/Lee_et_al_2005.pdf:PDF},
  Keywords                 = {Amazon, evapotranspiration, hydraulic redistribution, Hydraulic Lift},
  Owner                    = {renke},
  Timestamp                = {2015.11.24}
}

@Article{Mehl2006,
  Title                    = {Use of Picard and Newton Iteration for Solving Nonlinear Ground Water Flow Equations},
  Author                   = {Mehl, Steffen},
  Journaltitle             = {Ground Water},
  Year                     = {2006},

  Doi                      = {10.1111/j.1745-6584.2006.00207.x},
  Pages                    = {583–594},
  Volume                   = {44},

  Abstract                 = {p. 586: description of Picard iteration},
  File                     = {:Artikel/Mehl_2006.pdf:PDF},
  Owner                    = {renke},
  Timestamp                = {2016.11.09}
}

@Article{Mendel2002,
  Title                    = {On a better understanding of hydraulic lift: A numerical study},
  Author                   = {M. Mendel and S. Hergarten and H. J. Neugebauer},
  Journaltitle             = {Water Resources Research},
  Year                     = {2002},

  Doi                      = {10.1029/2001WR000911},
  Volume                   = {38},

  Abstract                 = {S. 1: Die Ergebnisse stützen die These, dass hydraulic lift ein ausschließlich hydraulischer Prozess ohne osmotische Komponente ist.},
  File                     = {:Artikel/Mendel_et_al_2002.pdf:PDF},
  Keywords                 = {hydraulic lift, plant roots, water uptake, optimizing strategy, Richards equation, Modelling},
  Owner                    = {renke},
  Timestamp                = {2015.11.24}
}

@Article{Noorduijn2010,
  Title                    = {Water table response to an experimental alley farming trial: dissecting the spatial and temporal structure of the data},
  Author                   = {S. L. Noorduijn and A. Ghadouani and R. Vogwill and K. R. J. Smettem and P. Legendre},
  Journaltitle             = {Ecological Applications},
  Year                     = {2010},
  Pages                    = {1704–1720},
  Volume                   = {20},

  Abstract                 = {S. 1704: Artikel befasst sich mit der Auswertung von zeitlich und räumlich komplexen Daten mittels PCNM (principal coordinates of neighbor matrices) und RDA (canonical redundancy analysis)},
  File                     = {:Artikel/Noorduijn_et_al_2010.pdf:PDF},
  Keywords                 = {agroforestry; alley farming; principal coordinates of neighbor matrices; salinity; tree belt; variation partitioning; water logging; water table dynamics; Western Australia},
  Owner                    = {renke},
  Timestamp                = {2015.11.30}
}

@Article{Onga2002,
  Title                    = {Tree–crop interactions: manipulation of water use and root function},
  Author                   = {C.K. Ong and J. Wilson and J.D. Deans and J. Mulayta and T. Raussen and N. Wajja-Musukwe},
  Journaltitle             = {Agricultural Water Management},
  Year                     = {2002},
  Pages                    = {171–186},
  Volume                   = {53},

  Abstract                 = {S. 171: Artikel befasst sich mit möglichen Maßnahmen zur Verhinderung von Wurzelkonkurrenz in Agroforstsystemen},
  File                     = {:Artikel/Ong_et_al_2002.pdf:PDF},
  Keywords                 = {Agroforestry; Water use; Root architecture and function; Sap flow; Productivity; Semiarid},
  Owner                    = {renke},
  Timestamp                = {2015.11.30}
}

@Article{Perrya2001,
  Title                    = {Impacts of short-rotation hybrid poplar plantations on regional water yield},
  Author                   = {C. Hobart Perrya and Ryan C. Millerb and Kenneth N. Brooksc},
  Journaltitle             = {Forest Ecology and Management},
  Year                     = {2001},
  Pages                    = {143–151},
  Volume                   = {143},

  Abstract                 = {S. 143: Artikel befasst sich mit dem modellierten hydrologischen Einfluss von Pappel-KUPs auf regionaler Ebene im Vergleich zu Laubmischwald.},
  File                     = {:Artikel/Perry_et_al_2001.pdf:PDF},
  Keywords                 = {Short-rotation plantation; Water yield; Hydrologic regime; Afforestation; Agroforestry; Land use},
  Owner                    = {renke},
  Timestamp                = {2015.11.30}
}

@Incollection{placeholder2008,
  Author                   = {placeholder},
  Booktitle                = {Surface Water Modeling},
  Year                     = {2008},
  Editor                   = {Wenrui Huang and Ching-Jen Chen},
  Location                 = {West Palm Beach, Florida, U.S.A.},

  Abstract                 = {[not of interest]},
  Owner                    = {renke},
  Timestamp                = {2016.03.30}
}

@Incollection{placeholder2010,
  Author                   = {placeholder},
  Booktitle                = {Modeling Software},
  Year                     = {2010},
  Editor                   = {Jean-Michel Tanguy},
  Location                 = {London and Hoboken, NJ},

  Abstract                 = {[deals only with particular software sets]},
  Owner                    = {renke},
  Timestamp                = {2016.03.30}
}

@Article{Pouluvassilis1975,
  Title                    = {The hysteresis in the relationship between hydraulic conductivity and soil water content},
  Author                   = {A. Pouluvassilis and E. Tzimas},
  Journaltitle             = {Soil Science},
  Year                     = {1975},
  Pages                    = {327-331},
  Volume                   = {120},

  Abstract                 = {- whole article: [evidence for the hysteretic relationship between water content and hydraulic conductivity]},
  File                     = {:Artikel/Poulovassilis_Tzimas_1975.pdf:PDF},
  Owner                    = {renke},
  Timestamp                = {2015.12.22}
}

@Article{Radersma2004,
  Title                    = {Spatial distribution of root length density and soil water of linear agroforestry systems in sub-humid Kenya: implications for agroforestry models},
  Author                   = {Simone Radersma and Chin K. Ong},
  Journaltitle             = {Forest Ecology and Management},
  Year                     = {2004},

  Doi                      = {10.1016/j.foreco.2003.07.021},
  Pages                    = {77–89},
  Volume                   = {188},

  Abstract                 = {S. 77: Artikel befasst sich mit dem Zusammenhang zwischen Wurzellängendichte einerseits sowie Wasserpotentialgradient zwischen Wurzel und Boden andererseits und Wasseraufnahme.},
  File                     = {:Artikel/Radersma_Ong_2004.pdf:PDF},
  Keywords                 = {Agroforestry; Water extraction; Root distribution; Simulation models},
  Owner                    = {renke},
  Timestamp                = {2015.11.30}
}

@Article{Ren2004,
  Title                    = {Incorporating Hydraulic Lift into a Land Surface Model and Its Effects on Surface Soil Moisture Prediction},
  Author                   = {Diandong Ren and Ming Xue and Ann Henderson-Sellers},
  Journaltitle             = {Journal of Hydrometeorology},
  Year                     = {2004},
  Pages                    = {1181-1191},
  Volume                   = {5},

  Abstract                 = {S. 1181 f.: Die Einbeziehung von hydraulic lift in Modelle zur Bestimmung des oberflächennahen Bodenwassergehalts kann zur Verbesserung dieser Modelle beitragen.},
  File                     = {:Artikel/Ren_et_al_2004.pdf:PDF},
  Keywords                 = {Hydraulic Lift, Modelling},
  Owner                    = {renke},
  Timestamp                = {2015.11.24}
}

@Article{Renger2009,
  Title                    = {Ergebnisse und Vorschläge der DBG-Arbeitsgruppe „Kennwerte des Bodengefüges“ zur Schätzung bodenphysikalischer Kennwerte},
  Author                   = {M. Renger and K. Bohne and M. Facklam and T. Harrach and W. Riek and W. Schäfer and G. Wessolek and S. Zacharias},
  Journaltitle             = {Bodenökologie und Bodengenese},
  Year                     = {2009},
  Pages                    = {4-65},
  Volume                   = {40},

  Abstract                 = {- S. 23 Tab. 10: van Genuchten-Parameter für verschiedene Bodenarten},
  File                     = {:Artikel/Renger_et_al_2009.pdf:PDF},
  Owner                    = {renke},
  Timestamp                = {2017.02.01}
}

@Article{Richter2015,
  Title                    = {How to predict hydrological effects of local land use change: how the vegetation parameterisation for short rotation coppices influences model results},
  Author                   = {F. Richter and C. Döring and M. Jansen and O. Panferov and U. Spank and C. Bernhofer},
  Journaltitle             = {Hydrology and Earth System Sciences},
  Year                     = {2015},

  Doi                      = {10.5194/hess-19-3457-2015},
  Pages                    = {3457–3474},
  Volume                   = {19},

  Abstract                 = {[wenig konkretes]},
  File                     = {:Artikel/Richter_et_al_2015.pdf:PDF},
  Owner                    = {renke},
  Timestamp                = {2015.11.24}
}

@Electronic{Roth2012,
  Title                    = {Soil Physics. Lecture Notes},
  Author                   = {Kurt Roth},
  Organization             = {Institute of Environmental Physics. Heidelberg University},
  Url                      = {www.iup.uni-heidelberg.de/institut/forschung/groups/ts/students/sp},
  Year                     = {2012},

  Abstract                 = {- p. 326 ff.: [explanation of the finite differences method, using the Richards equation as an example of a partial differential equation to be solved]},
  File                     = {:Buecher/Roth_Soil_Physics_Lecture_notes/Roth_Soil_Physics_Lecture_Notes.pdf:PDF;:Buecher/Roth_Soil_Physics_Lecture_notes/sp-v2.2-title.pdf:PDF;:Buecher/Roth_Soil_Physics_Lecture_notes/sp-v2.2-ch1.pdf:PDF;:Buecher/Roth_Soil_Physics_Lecture_notes/sp-v2.2-ch2.pdf:PDF;:Buecher/Roth_Soil_Physics_Lecture_notes/sp-v2.2-ch3.pdf:PDF;:Buecher/Roth_Soil_Physics_Lecture_notes/sp-v2.2-ch4.pdf:PDF;:Buecher/Roth_Soil_Physics_Lecture_notes/sp-v2.2-ch5.pdf:PDF;:Buecher/Roth_Soil_Physics_Lecture_notes/sp-v2.2-ch6.pdf:PDF;:Buecher/Roth_Soil_Physics_Lecture_notes/sp-v2.2-ch7.pdf:PDF;:Buecher/Roth_Soil_Physics_Lecture_notes/sp-v2.2-ch8.pdf:PDF;:Buecher/Roth_Soil_Physics_Lecture_notes/sp-v2.2-append.pdf:PDF;:Buecher/Roth_Soil_Physics_Lecture_notes/sp-v2.2-LOF.pdf:PDF;:Buecher/Roth_Soil_Physics_Lecture_notes/sp-v2.2-LOT.pdf:PDF;:Buecher/Roth_Soil_Physics_Lecture_notes/sp-v2.2-Symbols.pdf:PDF;:Buecher/Roth_Soil_Physics_Lecture_notes/sp-v2.2-TOC.pdf:PDF},
  Owner                    = {renke},
  Timestamp                = {2015.12.22}
}

@Article{Schlegel2004,
  Title                    = {Modelling species and spacing effects on root zone water dynamics using Hydrus-2D in an Amazonian agroforestry system},
  Author                   = {P. Schlegel and B. Huwe and W.G. Teixeira},
  Journaltitle             = {Agroforestry Systems},
  Year                     = {2004},
  Pages                    = {277–289},
  Volume                   = {60},

  Abstract                 = {S. 277: Artikel befasst sich mit der Modellierung des Einflusses verschiedener Baumarten und Baumabständen in Agroforstsystemen auf den Bodenwasserhaushalt in der Wurzelzone.},
  File                     = {:Artikel/Schlegel_et_al_2004.pdf:PDF},
  Keywords                 = {Bactris gasipaes, Model scenarios, Plant spacing, Pueraria phaseoloides, Root distribution, Theobroma grandiflorum},
  Owner                    = {renke},
  Timestamp                = {2015.11.30}
}

@Article{Schmidt-Walter2014,
  Title                    = {Transpiration and water use strategies of a young and a full-grown short rotation coppice differing in canopy cover and leaf area},
  Author                   = {Paul Schmidt-Walter and Falk Richter and Mathias Herbst and Bernhard Schuldt and Norbert P Lamersdorf},
  Journaltitle             = {Agricultural and Forest Meteorology},
  Year                     = {2014},

  Doi                      = {10.1016/j.agrformet.2014.05.006},
  Pages                    = {165–178},
  Volume                   = {195-196},

  Abstract                 = {[wenig konkretes]},
  File                     = {:Artikel/Schmidt-Walter_et_al_2014.pdf:PDF},
  Keywords                 = {Short rotation, Transpiration, Canopy conductance, Isohydric, Poplar},
  Owner                    = {renke},
  Timestamp                = {2015.11.24}
}

@Article{Sekiya2011,
  Title                    = {Applying hydraulic lift in an agroecosystem: forage plants with shoots removed supply water to neighboring vegetable crops},
  Author                   = {Nobuhito Sekiya and Hideki Araki and Katsuya Yano},
  Journaltitle             = {Plant Soil},
  Year                     = {2011},

  Doi                      = {10.1007/s11104-010-0581-1},
  Pages                    = {39–50},
  Volume                   = {341},

  Abstract                 = {S. 39: Ergebnisse der durchgeführten Experimente beweisen hydraulic lift (wobei von den wasserleitenden Pflanzen die Knospen entfernt wurden)

S. 47: Die Entfernung von der wasserleitenden Pflanze, in der hydraulic lift wirksam ist, ist begrenzt (0.2 – 0.3 m vom Zentrum des Plots) [vermutlich abhängig von der Pflanzenart und ihrem Wurzelsystem].

S. 47: Die Studie legt nahe, dass hydraulic lift einen erheblichen Einfluss auf die Produktivität landwirtschaftlicher Nutzpflanzen in Agroforstsystemen haben kann.},
  File                     = {:Artikel/Sekiya_et_al_2010.pdf:PDF},
  Keywords                 = {Deeproots, Drought stress, Facilitation, Intercropping, Positive plant–plant interaction, Sustainable agriculture, hydraulic lift},
  Owner                    = {renke},
  Timestamp                = {2015.11.24}
}

@Article{Sekiya2004,
  Title                    = {Do pigeon pea and sesbania supply groundwater to intercropped maize through hydraulic lift? —Hydrogen stable isotope investigation of xylem waters},
  Author                   = {Nobuhito Sekiya and Katsuya Yano},
  Journaltitle             = {Field Crops Research},
  Year                     = {2004},

  Doi                      = {10.1016/j.fcr.2003.08.007},
  Pages                    = {167–173},
  Volume                   = {86},

  Abstract                 = {S. 167: Die Ergebnisse zeigen, dass Cajanus cajan zu hydraulic lift fähig ist, während dies für Sesbania sesban nicht zu gelten scheint.},
  File                     = {:Artikel/Sekiya_Yano_2004.pdf:PDF},
  Keywords                 = {Agroforestry, Below-ground interaction, Drought avoidance, Irrigation, Sustainable agriculture, Water relations, Hydraulic Lift},
  Owner                    = {renke},
  Timestamp                = {2015.11.24}
}

@Article{Siqueira.2008,
  Title                    = {Onset of water stress, hysteresis in plant conductance, and hydraulic lift: Scaling soil water dynamics from millimeters to meters},
  Author                   = {M. Siqueira. and G. Katul and A. Porporato},
  Journaltitle             = {Water Resources Research},
  Year                     = {2008},

  Doi                      = {10.1029/2007WR006094},
  Pages                    = {W01432},
  Volume                   = {44},

  Abstract                 = {S. 1: Die Effektivität von hydraulic lift wird scheinbar vorrangig durch die vertikale Verteilung von Wurzeln bestimmt.

S. 1: Die Bodenfeuchtestufen, bei denen hydraulic lift am effektivsten ist, werden durch die hydraulischen Eigenschaften des Bodens sowie Surrogate für den atmosphärischen Wasserbedarf bestimmt.

S. 2: „Root water uptake induces a radial flow toward rootlets [Mendel et al., 2002]; but the overall rooting depth also interacts with a larger-scale soil moisture variations. Layers populated by roots experience lower soil moisture during a drying cycle thereby inducing upward flow from the deeper soil layers. Hence, at minimum, two flow patterns simultaneously occur at different length scales; the first is at scales comparable to the root zone depth (on the order of meters) and the second at length scales inversely related to root densities (on the order of millimeters). These two spatial scales are referred to as macroscale and mesoscale, respectively [Mendel et al., 2002]. There are numerous fine-scale (microscale) processes oftenentirelyignored with- in the Darcian scale and are not considered here though their importance remains an open research question. Recognizing that both length scales are important in root water uptake, the macroscale impacting mean soil moisture states at longer timescales and the mesoscale capturing the maximum values ofsuctionanddailyhysteresis inrootwateruptake,thesetwo flow patterns have been traditionally modeled independently without any attempt to couple them [Guswa et al., 2004; Mendel et al., 2002; Puma et al., 2005; Sperry et al., 1998; Tuzet et al., 2003].“

S. 2 ff.: Einzelheiten zum Modell},
  File                     = {:Artikel/Siqueira_et_al_2008.pdf:PDF},
  Keywords                 = {Hydraulic Lift, Modelling},
  Owner                    = {renke},
  Timestamp                = {2015.11.24}
}

@Article{Smith2003,
  Title                    = {Hydraulic conductivities of competing root systems of \emph{Grevillea robusta} and maize in agroforestry},
  Author                   = {D.M. Smith and J.M. Roberts},
  Journaltitle             = {Plant and Soil},
  Year                     = {2003},
  Pages                    = {343–349},
  Volume                   = {251},

  Abstract                 = {S. 343: Artikel befasst sich mit der Frage, ob die Wurzeln unterschiedlicher Arten (hier: Grevillea robusta und Zea mays) unterschiedlich hydraulisch leitfähig sind.},
  File                     = {:Artikel/Smith_Roberts_2003.pdf:PDF},
  Keywords                 = {competition for water, fractal branching, HPFM, mixed vegetation, roots, hydraulic conductivity},
  Owner                    = {renke},
  Timestamp                = {2015.11.30}
}

@Book{Spitz1996,
  Title                    = {A Practical Guide to Groundwater and Solute Transport Modeling},
  Author                   = {Karlheinz Spitz and Joanna Moreno},
  Year                     = {1996},
  Location                 = {New York and Chichester and Brisbane and Toronto and Singapore},

  Abstract                 = {- p. 26: "this book primarily focuses on flow and transport in the saturated zone" [therefore, it largely is not of interest]
- p. 17 Table 1.2: [Analogies between the Darcy equation and other equations explaining different kinds of fluxes.]
- p. 33 Equation (2.1): Darcy equation
q = -K * (delta h) / (delta s) = -K * i
q: Darcy flux or specific discharge [m/s]
K: hydraulic conductivity [m/s]
delta h: head difference [m] [I'm not sure, whether h here refers to pressure head or potentiometric head.]
delta s: length [m]
i: hydraulic gradient [m/m]},
  Owner                    = {renke},
  Timestamp                = {2016.03.30}
}

@Article{Tallis2013,
  Title                    = {Development and evaluation of ForestGrowth-SRC a process-based model for short rotation coppice yield and spatial supply reveals poplar uses water more efficiently than willow},
  Author                   = {Matthew J. Tallis and Eric Casella and Paul A. Henshall and Matthew J. Aylott and Timothy J. Randle and James I. L. Morison and Gail Taylor},
  Journaltitle             = {Global Change Biology Bioenergy},
  Year                     = {2013},

  Doi                      = {10.1111/j.1757-1707.2012.01191.x},
  Pages                    = {53-66},
  Volume                   = {5},

  Abstract                 = {S. 60: Zahlen zum Wasserverbrauch von Pappel und Weiden},
  File                     = {:Artikel/Tallis_et_al_2012.pdf:PDF},
  Keywords                 = {bioenergy, evapotranspiration, Populus, Salix, spatial biomass supply, water use efficiency},
  Owner                    = {renke},
  Timestamp                = {2015.11.24}
}

@Article{Wan2000,
  Title                    = {Hydraulic lift in drought-tolerant and -susceptible maize hybrids},
  Author                   = {Changgui Wan and Wenwei Xu and Ronald E. Sosebee and Stephen Machado and Tom Archer},
  Journaltitle             = {Plant and Soil},
  Year                     = {2000},
  Pages                    = {117–126},
  Volume                   = {219},

  Abstract                 = {S. 117: Zea mays ist grundsätzlich zu hydraulic lift fähig, wobei sich verschiedene Hybride hinsichtlich ihrer Wasserförderleistung unterscheiden.},
  File                     = {:Artikel/Wan_et_al_2000.pdf:PDF},
  Keywords                 = {drought tolerance, hydraulic lift, maize hybrids, plant roots, soil water content, TDR, water relations},
  Owner                    = {renke},
  Timestamp                = {2015.11.24}
}

@Article{Woo2004,
  Title                    = {Boundary and border considerations in hydrology},
  Author                   = {{Ming-ko} Woo},
  Journaltitle             = {Hydrological Processes},
  Year                     = {2004},

  Doi                      = {10.1002/hyp.1399},
  Pages                    = {1185–1194},
  Volume                   = {18},

  Abstract                 = {S. 1185: Artikel befasst sich mit hydrologischen Grenzen und deren Grenzbereichen},
  File                     = {:Artikel/Woo_2004.pdf:PDF},
  Keywords                 = {boundary; border; edge effect; scaling; error; cold region hydrology},
  Owner                    = {renke},
  Timestamp                = {2015.11.30}
}

@Article{Yu2015,
  Title                    = {Hydraulic lift as a determinant of tree–grass coexistence on savannas},
  Author                   = {Kailiang Yu and Paolo D’Odorico},
  Journaltitle             = {New Phytologist},
  Year                     = {2015},

  Doi                      = {10.1111/nph.13431},
  Pages                    = {1038–1051},
  Volume                   = {207},

  Abstract                 = {S. 1039: empirische Schätzungen zum Umfang von hydraulic lift

S. 1039: Hydraulic lift begünstigt Grasswachstum; daher wird angenommen, dass sie die Umweltbedingungen, unter denen Grassökosysteme oder Savannen existieren können erweitert.

S. 1043: Auf Landschaftsebene nimmt hydraulic lift mit steigendem durchschnittlichem Jahresniederschlag zu

S. 1045: Simulationsergebnisse zeigen, dass Bäume durch hydraulic lift Gräser begünstigen},
  File                     = {:Artikel/Yu_D'Odorico_2015.pdf:PDF},
  Keywords                 = {coexistence, competition, facilitation, fire, hydraulic lift, savanna},
  Owner                    = {renke},
  Timestamp                = {2015.11.24}
}

@Article{Zapater2011,
  Title                    = {Evidence of hydraulic lift in a young beech and oak mixed forest using \textsuper{18}O soil water labelling},
  Author                   = {Marion Zapater and Christian Hossann and Nathalie Bréda and Claude Bréchet and Damien Bonal and André Granier},
  Journaltitle             = {Trees},
  Year                     = {2011},

  Doi                      = {I 10.1007/s00468-011-0563-9},
  Pages                    = {885–894},
  Volume                   = {25},

  Abstract                 = {S. 885: Ergebnisse der durchgeführten Experimente beweisen hydraulic lift},
  File                     = {:Artikel/Zapater_et_al_2011.pdf:PDF},
  Keywords                 = {Deciduous mixed forest, Drought, Fagus sylvatica, Isotopic labelling, Quercus petraea, Tree roots, hydraulic lift},
  Owner                    = {renke},
  Timestamp                = {2015.11.24}
}

